% This file was created with JabRef 2.5.
% Encoding: UTF-8

@article{zhang_decision_2016,
	title = {A decision variable clustering-based evolutionary algorithm for large-scale many-objective optimization},
	journal = {IEEE Transactions on Evolutionary Computation},
	author = {Zhang, Xingyi and Tian, Ye and Cheng, Ran and Jin, Yaochu},
	year = {2016},
	file = {Fulltext:/home/mqk/Zotero/storage/C8IK2YBC/Zhang et al. - 2016 - A decision variable clustering-based evolutionary .pdf:application/pdf;Snapshot:/home/mqk/Zotero/storage/4HDXEZKQ/7544478.html:text/html}
}

@article{tian_indicator_2017,
	title = {An indicator based multi-objective evolutionary algorithm with reference point adaptation for better versatility},
	journal = {IEEE Transactions on Evolutionary Computation},
	author = {Tian, Ye and Cheng, Ran and Zhang, Xingyi and Cheng, Fan and Jin, Yaochu},
	year = {2017},
	file = {Fulltext:/home/mqk/Zotero/storage/U2ZBQRRK/Tian et al. - 2017 - An indicator based multi-objective evolutionary al.pdf:application/pdf;Snapshot:/home/mqk/Zotero/storage/4NFPEPPI/8027123.html:text/html}
}

@article{tian_effectiveness_2017,
	title = {Effectiveness and efficiency of non-dominated sorting for evolutionary multi-and many-objective optimization},
	journal = {Complex \& Intelligent Systems},
	author = {Tian, Ye and Wang, Handing and Zhang, Xingyi and Jin, Yaochu},
	year = {2017},
	pages = {1--17},
	file = {Fulltext:/home/mqk/Zotero/storage/7KB8HJC6/s40747-017-0057-5.html:text/html;Snapshot:/home/mqk/Zotero/storage/R4UHJKUL/s40747-017-0057-5.html:text/html}
}

@article{ju_complex_2016,
	title = {Complex network clustering by a multi-objective evolutionary algorithm based on decomposition and membrane structure},
	volume = {6},
	journal = {Scientific reports},
	author = {Ju, Ying and Zhang, Songming and Ding, Ningxiang and Zeng, Xiangxiang and Zhang, Xingyi},
	year = {2016},
	file = {Fulltext:/home/mqk/Zotero/storage/F9JU9VA7/PMC5037381.html:text/html;Snapshot:/home/mqk/Zotero/storage/U674I9N2/PMC5037381.html:text/html}
}

@article{cabarle_spiking_2017,
	title = {Spiking {Neural} {P} systems with {Scheduled} {Synapses}},
	journal = {IEEE Transactions on NanoBioscience},
	author = {Cabarle, Francis George C. and Adorna, Henry N. and Jiang, Min and Zeng, Xiangxiang},
	year = {2017},
	file = {Snapshot:/home/mqk/Zotero/storage/MRJIK76G/8068261.html:text/html}
}

@article{zeng_decision_2017,
	title = {A decision support model for investment on {P}2P lending platform},
	volume = {12},
	number = {9},
	journal = {PloS one},
	author = {Zeng, Xiangxiang and Liu, Li and Leung, Stephen and Du, Jiangze and Wang, Xun and Li, Tao},
	year = {2017},
	pages = {e0184242},
	file = {Fulltext:/home/mqk/Zotero/storage/B7ZPA9GI/article.html:text/html;Snapshot:/home/mqk/Zotero/storage/64SFLUBG/article.html:text/html}
}

@article{zeng_comprehensive_2017,
	title = {A comprehensive overview and evaluation of circular {RNA} detection tools},
	volume = {13},
	number = {6},
	journal = {PLoS computational biology},
	author = {Zeng, Xiangxiang and Lin, Wei and Guo, Maozu and Zou, Quan},
	year = {2017},
	pages = {e1005420},
	file = {Fulltext:/home/mqk/Zotero/storage/M4Z77AYR/article.html:text/html;Snapshot:/home/mqk/Zotero/storage/TGATCDAL/article.html:text/html}
}

@article{zeng_prediction_2016,
	title = {Prediction and validation of association between {microRNAs} and diseases by multipath methods},
	volume = {1860},
	number = {11},
	journal = {Biochimica et Biophysica Acta (BBA)-General Subjects},
	author = {Zeng, Xiangxiang and Zhang, Xuan and Liao, Yuanlu and Pan, Linqiang},
	year = {2016},
	pages = {2735--2739},
	file = {Snapshot:/home/mqk/Zotero/storage/VBFRS7GR/S030441651630071X.html:text/html}
}

@inproceedings{le_generating_2011,
	title = {Generating analyses for detecting faults in path segments},
	urldate = {2017-09-15},
	booktitle = {Proceedings of the 2011 {International} {Symposium} on {Software} {Testing} and {Analysis}},
	publisher = {ACM},
	author = {Le, Wei and Soffa, Mary Lou},
	year = {2011},
	pages = {320--330},
	file = {[PDF] iastate.edu:/home/mqk/Zotero/storage/LQ2KK6A8/Le and Soffa - 2011 - Generating analyses for detecting faults in path s.pdf:application/pdf;Snapshot:/home/mqk/Zotero/storage/5H66E5ZD/citation.html:text/html}
}

@article{cadar_symbolic_2013,
	title = {Symbolic execution for software testing: three decades later},
	volume = {56},
	shorttitle = {Symbolic execution for software testing},
	number = {2},
	urldate = {2017-09-15},
	journal = {Communications of the ACM},
	author = {Cadar, Cristian and Sen, Koushik},
	year = {2013},
	pages = {82--90},
	file = {[PDF] semanticscholar.org:/home/mqk/Zotero/storage/ZSFXBK74/Cadar and Sen - 2013 - Symbolic execution for software testing three dec.pdf:application/pdf;Snapshot:/home/mqk/Zotero/storage/AFIR3YN9/citation.html:text/html}
}

@techreport{kratkiewicz_evaluating_2005,
	title = {Evaluating static analysis tools for detecting buffer overflows in c code},
	urldate = {2017-09-15},
	institution = {HARVARD UNIV CAMBRIDGE MA},
	author = {Kratkiewicz, Kendra J.},
	year = {2005},
	file = {[PDF] dtic.mil:/home/mqk/Zotero/storage/ZYA2G7FY/Kratkiewicz - 2005 - Evaluating static analysis tools for detecting buf.pdf:application/pdf;Snapshot:/home/mqk/Zotero/storage/Z5LR7869/ADA511392.html:text/html}
}

@inproceedings{moonen_generating_2001,
	title = {Generating robust parsers using island grammars},
	urldate = {2017-09-15},
	booktitle = {Reverse {Engineering}, 2001. {Proceedings}. {Eighth} {Working} {Conference} on},
	publisher = {IEEE},
	author = {Moonen, Leon},
	year = {2001},
	pages = {13--22},
	file = {Snapshot:/home/mqk/Zotero/storage/ZQ7K6TDL/957806.html:text/html}
}

@inproceedings{yamaguchi_generalized_2012,
	title = {Generalized vulnerability extrapolation using abstract syntax trees},
	urldate = {2017-09-15},
	booktitle = {Proceedings of the 28th {Annual} {Computer} {Security} {Applications} {Conference}},
	publisher = {ACM},
	author = {Yamaguchi, Fabian and Lottmann, Markus and Rieck, Konrad},
	year = {2012},
	pages = {359--368},
	file = {Snapshot:/home/mqk/Zotero/storage/G3XVFKWJ/citation.html:text/html}
}

@misc{noauthor_cve_nodate,
	title = {{CVE} - {CVE}-2016-9537},
	url = {https://cve.mitre.org/cgi-bin/cvename.cgi?name=CVE-2016-9537},
	urldate = {2017-09-15},
	file = {CVE - CVE-2016-9537:/home/mqk/Zotero/storage/4TUEC7GZ/cvename.html:text/html}
}

@misc{vz_unofficial_2017,
	title = {Unofficial mirror of libtiff cvs repository at cvs.maptools.org created and updated using "git cvsimport"},
	url = {https://github.com/vadz/libtiff},
	urldate = {2017-09-15},
	author = {VZ},
	month = aug,
	year = {2017},
	note = {original-date: 2013-04-02T12:12:31Z},
	file = {Snapshot:/home/mqk/Zotero/storage/ASEQDW3Q/Release-v4-0-6.html:text/html}
}

@inproceedings{zitser_testing_2004,
	title = {Testing static analysis tools using exploitable buffer overflows from open source code},
	volume = {29},
	urldate = {2017-09-15},
	booktitle = {{ACM} {SIGSOFT} {Software} {Engineering} {Notes}},
	publisher = {ACM},
	author = {Zitser, Misha and Lippmann, Richard and Leek, Tim},
	year = {2004},
	pages = {97--106},
	file = {[PDF] cmu.edu:/home/mqk/Zotero/storage/TPCNWGDK/Zitser et al. - 2004 - Testing static analysis tools using exploitable bu.pdf:application/pdf;Snapshot:/home/mqk/Zotero/storage/3ZAQ9JHX/citation.html:text/html}
}

@article{rodriguez_graph_2010,
	title = {The graph traversal pattern},
	urldate = {2017-09-15},
	journal = {arXiv preprint arXiv:1004.1001},
	author = {Rodriguez, Marko A. and Neubauer, Peter},
	year = {2010},
	file = {[PDF] arxiv.org:/home/mqk/Zotero/storage/MVX4EM27/Rodriguez and Neubauer - 2010 - The graph traversal pattern.pdf:application/pdf;Snapshot:/home/mqk/Zotero/storage/7U3CBMC7/1004.html:text/html}
}

@inproceedings{yamaguchi_modeling_2014,
	title = {Modeling and discovering vulnerabilities with code property graphs},
	urldate = {2017-09-15},
	booktitle = {Security and {Privacy} ({SP}), 2014 {IEEE} {Symposium} on},
	publisher = {IEEE},
	author = {Yamaguchi, Fabian and Golde, Nico and Arp, Daniel and Rieck, Konrad},
	year = {2014},
	pages = {590--604},
	file = {Snapshot:/home/mqk/Zotero/storage/7WQKVM7R/6956589.html:text/html}
}

@inproceedings{yamaguchi_vulnerability_2011,
	title = {Vulnerability extrapolation: assisted discovery of vulnerabilities using machine learning},
	shorttitle = {Vulnerability extrapolation},
	urldate = {2017-09-15},
	booktitle = {Proceedings of the 5th {USENIX} conference on {Offensive} technologies},
	publisher = {USENIX Association},
	author = {Yamaguchi, Fabian and Lindner, Felix and Rieck, Konrad},
	year = {2011},
	pages = {13--13},
	file = {Snapshot:/home/mqk/Zotero/storage/5I6UXFGR/citation.html:text/html}
}

@misc{noauthor_scikit-learn:_nodate,
	title = {scikit-learn: machine learning in {Python} — scikit-learn 0.19.0 documentation},
	url = {http://scikit-learn.org/stable/},
	urldate = {2017-09-15},
	file = {scikit-learn\: machine learning in Python — scikit-learn 0.19.0 documentation:/home/mqk/Zotero/storage/6TFCICXL/stable.html:text/html}
}

@article{stehman_selecting_1997,
	title = {Selecting and interpreting measures of thematic classification accuracy},
	volume = {62},
	number = {1},
	urldate = {2017-09-15},
	journal = {Remote sensing of Environment},
	author = {Stehman, Stephen V.},
	year = {1997},
	pages = {77--89},
	file = {Snapshot:/home/mqk/Zotero/storage/RYQ7Y9JX/S0034425797000837.html:text/html}
}

@inproceedings{padmanabhuni_predicting_2014,
	title = {Predicting {Buffer} {Overflow} {Vulnerabilities} through {Mining} {Light}-{Weight} {Static} {Code} {Attributes}},
	urldate = {2017-09-15},
	booktitle = {Software {Reliability} {Engineering} {Workshops} ({ISSREW}), 2014 {IEEE} {International} {Symposium} on},
	publisher = {IEEE},
	author = {Padmanabhuni, Bindu Madhavi and Tan, Hee Beng Kuan},
	year = {2014},
	pages = {317--322},
	file = {Snapshot:/home/mqk/Zotero/storage/3Y4RM3JT/6983860.html:text/html}
}

@misc{noauthor_flawfinder_nodate,
	title = {Flawfinder {Home} {Page}},
	url = {https://www.dwheeler.com/flawfinder/},
	urldate = {2017-09-15},
	file = {Flawfinder Home Page:/home/mqk/Zotero/storage/9XR6BX7B/flawfinder.html:text/html}
}

@misc{noauthor_google_nodate,
	title = {Google {Code} {Archive} - {Long}-term storage for {Google} {Code} {Project} {Hosting}.},
	url = {https://code.google.com/archive/p/rough-auditing-tool-for-security/},
	urldate = {2017-09-15},
	file = {Google Code Archive - Long-term storage for Google Code Project Hosting.:/home/mqk/Zotero/storage/P4ZIN986/rough-auditing-tool-for-security.html:text/html}
}

@misc{noauthor_splint_nodate,
	title = {Splint {Home} {Page}},
	url = {http://splint.org/},
	urldate = {2017-09-15},
	file = {Splint Home Page:/home/mqk/Zotero/storage/FVVZE4FI/splint.org.html:text/html}
}

@article{xie_archer:_2003,
	title = {Archer: using symbolic, path-sensitive analysis to detect memory access errors},
	volume = {28},
	shorttitle = {Archer},
	number = {5},
	urldate = {2017-09-15},
	journal = {ACM SIGSOFT Software Engineering Notes},
	author = {Xie, Yichen and Chou, Andy and Engler, Dawson},
	year = {2003},
	pages = {327--336},
	file = {[PDF] stanford.edu:/home/mqk/Zotero/storage/LAFQZ37Y/Xie et al. - 2003 - Archer using symbolic, path-sensitive analysis to.pdf:application/pdf;Snapshot:/home/mqk/Zotero/storage/KB7QW2V7/citation.html:text/html}
}

@inproceedings{wang_automated_2008,
	title = {Automated detection of code vulnerabilities based on program analysis and model checking},
	urldate = {2017-09-15},
	booktitle = {Source {Code} {Analysis} and {Manipulation}, 2008 {Eighth} {IEEE} {International} {Working} {Conference} on},
	publisher = {IEEE},
	author = {Wang, Lei and Zhang, Qiang and Zhao, PengChao},
	year = {2008},
	pages = {165--173},
	file = {[PDF] ieee-scam.org:/home/mqk/Zotero/storage/T3H6D2XC/Wang et al. - 2008 - Automated detection of code vulnerabilities based .pdf:application/pdf;Snapshot:/home/mqk/Zotero/storage/53Z9UXW3/4637549.html:text/html}
}

@misc{noauthor_coverity_nodate,
	title = {Coverity {Scan} - {Static} {Analysis}},
	url = {https://scan.coverity.com/},
	urldate = {2017-09-15},
	file = {Coverity Scan - Static Analysis:/home/mqk/Zotero/storage/4UFYYIW4/scan.coverity.com.html:text/html}
}

@misc{noauthor_login_nodate,
	title = {Login {\textbar} {HPE} {Fortify} on {Demand}},
	url = {https://www.hpfod.com/Login},
	urldate = {2017-09-15},
	file = {Login | HPE Fortify on Demand:/home/mqk/Zotero/storage/VRSGIQ7N/Login.html:text/html}
}

@misc{rfleming_codesonar_2015,
	type = {Text},
	title = {{CodeSonar}},
	url = {https://www.grammatech.com/products/codesonar},
	abstract = {Improve quality, eliminate security vulnerabilities, reduce risk, and ship with confidence          CodeSonar, GrammaTech's flagship static analysis SAST tool, identifies bugs that can result in system crashes, unexpected behavior, and security breaches for a more secure Software Development Life Cycle (SDLC).},
	urldate = {2017-09-15},
	journal = {GrammaTech},
	author = {rfleming},
	month = oct,
	year = {2015},
	file = {Snapshot:/home/mqk/Zotero/storage/SGBBHJ9I/codesonar.html:text/html}
}

@inproceedings{rebert_optimizing_2014,
	title = {Optimizing seed selection for fuzzing},
	urldate = {2017-09-15},
	publisher = {USENIX},
	author = {Rebert, Alexandre and Cha, Sang Kil and Avgerinos, Thanassis and Foote, Jonathan M. and Warren, David and Grieco, Gustavo and Brumley, David},
	year = {2014},
	file = {[PDF] cmu.edu:/home/mqk/Zotero/storage/MKPEV8LV/Rebert et al. - 2014 - Optimizing seed selection for fuzzing.pdf:application/pdf;Snapshot:/home/mqk/Zotero/storage/Q2YFH8AV/242.html:text/html}
}

@inproceedings{woo_scheduling_2013,
	title = {Scheduling black-box mutational fuzzing},
	urldate = {2017-09-15},
	booktitle = {Proceedings of the 2013 {ACM} {SIGSAC} conference on {Computer} \& communications security},
	publisher = {ACM},
	author = {Woo, Maverick and Cha, Sang Kil and Gottlieb, Samantha and Brumley, David},
	year = {2013},
	pages = {511--522},
	file = {[PDF] cmu.edu:/home/mqk/Zotero/storage/MY6Q3VBB/Woo et al. - 2013 - Scheduling black-box mutational fuzzing.pdf:application/pdf;Snapshot:/home/mqk/Zotero/storage/KKRXJNSA/citation.html:text/html}
}

@inproceedings{wang_seededfuzz:_2016,
	title = {{SeededFuzz}: {Selecting} and {Generating} {Seeds} for {Directed} {Fuzzing}},
	shorttitle = {{SeededFuzz}},
	urldate = {2017-09-15},
	booktitle = {Theoretical {Aspects} of {Software} {Engineering} ({TASE}), 2016 10th {International} {Symposium} on},
	publisher = {IEEE},
	author = {Wang, Weiguang and Sun, Hao and Zeng, Qingkai},
	year = {2016},
	pages = {49--56},
	file = {Snapshot:/home/mqk/Zotero/storage/JBP7HAZ6/7541885.html:text/html}
}

@inproceedings{clarke_program_1976,
	title = {A program testing system},
	urldate = {2017-09-15},
	booktitle = {Proceedings of the 1976 annual conference},
	publisher = {ACM},
	author = {Clarke, Lori A.},
	year = {1976},
	pages = {488--491},
	file = {Snapshot:/home/mqk/Zotero/storage/9T9TV69M/citation.html:text/html}
}

@inproceedings{godefroid_dart:_2005,
	title = {{DART}: directed automated random testing},
	volume = {40},
	shorttitle = {{DART}},
	urldate = {2017-09-15},
	booktitle = {{ACM} {Sigplan} {Notices}},
	publisher = {ACM},
	author = {Godefroid, Patrice and Klarlund, Nils and Sen, Koushik},
	year = {2005},
	pages = {213--223},
	file = {Snapshot:/home/mqk/Zotero/storage/2G3UBGZ7/citation.html:text/html}
}

@inproceedings{sen_cute_2006,
	title = {{CUTE} and {jCUTE}: {Concolic} unit testing and explicit path model-checking tools},
	volume = {6},
	shorttitle = {{CUTE} and {jCUTE}},
	urldate = {2017-09-15},
	booktitle = {{CAV}},
	publisher = {Springer},
	author = {Sen, Koushik and Agha, Gul},
	year = {2006},
	pages = {419--423},
	file = {Snapshot:/home/mqk/Zotero/storage/8WC8YHC5/11817963.html:text/html}
}

@inproceedings{burnim_heuristics_2008,
	title = {Heuristics for scalable dynamic test generation},
	urldate = {2017-09-15},
	booktitle = {Automated {Software} {Engineering}, 2008. {ASE} 2008. 23rd {IEEE}/{ACM} {International} {Conference} on},
	publisher = {IEEE},
	author = {Burnim, Jacob and Sen, Koushik},
	year = {2008},
	pages = {443--446},
	file = {[PDF] berkeley.edu:/home/mqk/Zotero/storage/JA9BTE8F/Burnim and Sen - 2008 - Heuristics for scalable dynamic test generation.pdf:application/pdf;Snapshot:/home/mqk/Zotero/storage/MM7C63WC/4639362.html:text/html}
}

@inproceedings{cadar_klee:_2008,
	title = {{KLEE}: {Unassisted} and {Automatic} {Generation} of {High}-{Coverage} {Tests} for {Complex} {Systems} {Programs}.},
	volume = {8},
	shorttitle = {{KLEE}},
	urldate = {2017-09-15},
	booktitle = {{OSDI}},
	author = {Cadar, Cristian and Dunbar, Daniel and Engler, Dawson R. and {others}},
	year = {2008},
	pages = {209--224},
	file = {[HTML] usenix.org:/home/mqk/Zotero/storage/P2MUAQRY/paper.html:text/html}
}

@inproceedings{elkarablieh_precise_2009,
	title = {Precise pointer reasoning for dynamic test generation},
	urldate = {2017-09-15},
	booktitle = {Proceedings of the eighteenth international symposium on {Software} testing and analysis},
	publisher = {ACM},
	author = {Elkarablieh, Bassem and Godefroid, Patrice and Levin, Michael Y.},
	year = {2009},
	pages = {129--140},
	file = {[PDF] semanticscholar.org:/home/mqk/Zotero/storage/SRJ3UUYJ/Elkarablieh et al. - 2009 - Precise pointer reasoning for dynamic test generat.pdf:application/pdf;Snapshot:/home/mqk/Zotero/storage/AZ8BQ88U/citation.html:text/html}
}

@article{chipounov_s2e:_2011,
	title = {S2E: {A} platform for in-vivo multi-path analysis of software systems},
	volume = {46},
	shorttitle = {S2E},
	number = {3},
	urldate = {2017-09-15},
	journal = {ACM SIGPLAN Notices},
	author = {Chipounov, Vitaly and Kuznetsov, Volodymyr and Candea, George},
	year = {2011},
	pages = {265--278},
	file = {[PDF] epfl.ch:/home/mqk/Zotero/storage/IUM4ZMNG/Chipounov et al. - 2011 - S2E A platform for in-vivo multi-path analysis of.pdf:application/pdf;Snapshot:/home/mqk/Zotero/storage/63K89ICB/citation.html:text/html}
}

@inproceedings{rawat_evolutionary_2010,
	title = {An evolutionary computing approach for hunting buffer overflow vulnerabilities: {A} case of aiming in dim light},
	shorttitle = {An evolutionary computing approach for hunting buffer overflow vulnerabilities},
	urldate = {2017-09-15},
	booktitle = {Computer {Network} {Defense} ({EC}2ND), 2010 {European} {Conference} on},
	publisher = {IEEE},
	author = {Rawat, Sanjay and Mounier, Laurent},
	year = {2010},
	pages = {37--45},
	file = {[PDF] iiit.ac.in:/home/mqk/Zotero/storage/EHYSACZM/Rawat and Mounier - 2010 - An evolutionary computing approach for hunting buf.pdf:application/pdf;Snapshot:/home/mqk/Zotero/storage/4I9B6IXC/5663319.html:text/html}
}

@inproceedings{rawat_finding_2012,
	title = {Finding buffer overflow inducing loops in binary executables},
	urldate = {2017-09-15},
	booktitle = {Software {Security} and {Reliability} ({SERE}), 2012 {IEEE} {Sixth} {International} {Conference} on},
	publisher = {IEEE},
	author = {Rawat, Sanjay and Mounier, Laurent},
	year = {2012},
	pages = {177--186},
	file = {[PDF] iiit.ac.in:/home/mqk/Zotero/storage/2FD786BK/Rawat and Mounier - 2012 - Finding buffer overflow inducing loops in binary e.pdf:application/pdf;Snapshot:/home/mqk/Zotero/storage/M9425QV3/6258307.html:text/html}
}

@inproceedings{li_practical_2010,
	title = {Practical and effective symbolic analysis for buffer overflow detection},
	urldate = {2017-09-15},
	booktitle = {Proceedings of the eighteenth {ACM} {SIGSOFT} international symposium on {Foundations} of software engineering},
	publisher = {ACM},
	author = {Li, Lian and Cifuentes, Cristina and Keynes, Nathan},
	year = {2010},
	pages = {317--326},
	file = {Snapshot:/home/mqk/Zotero/storage/3Y3ZTN3Y/citation.html:text/html}
}

@inproceedings{haller_dowsing_2013,
	title = {Dowsing for {Overflows}: {A} {Guided} {Fuzzer} to {Find} {Buffer} {Boundary} {Violations}.},
	shorttitle = {Dowsing for {Overflows}},
	urldate = {2017-09-15},
	booktitle = {{USENIX} {Security} {Symposium}},
	author = {Haller, Istvan and Slowinska, Asia and Neugschwandtner, Matthias and Bos, Herbert},
	year = {2013},
	pages = {49--64},
	file = {[PDF] usenix.org:/home/mqk/Zotero/storage/RW5XVAFC/Haller et al. - 2013 - Dowsing for Overflows A Guided Fuzzer to Find Buf.pdf:application/pdf}
}

@inproceedings{yamaguchi_chucky:_2013,
	title = {Chucky: {Exposing} missing checks in source code for vulnerability discovery},
	shorttitle = {Chucky},
	urldate = {2017-09-15},
	booktitle = {Proceedings of the 2013 {ACM} {SIGSAC} conference on {Computer} \& communications security},
	publisher = {ACM},
	author = {Yamaguchi, Fabian and Wressnegger, Christian and Gascon, Hugo and Rieck, Konrad},
	year = {2013},
	pages = {499--510},
	file = {[PDF] uni-goettingen.de:/home/mqk/Zotero/storage/523A4ELB/Yamaguchi et al. - 2013 - Chucky Exposing missing checks in source code for.pdf:application/pdf;Snapshot:/home/mqk/Zotero/storage/MHWQ8Z72/citation.html:text/html}
}

@inproceedings{yamaguchi_automatic_2015,
	title = {Automatic inference of search patterns for taint-style vulnerabilities},
	urldate = {2017-09-15},
	booktitle = {Security and {Privacy} ({SP}), 2015 {IEEE} {Symposium} on},
	publisher = {IEEE},
	author = {Yamaguchi, Fabian and Maier, Alwin and Gascon, Hugo and Rieck, Konrad},
	year = {2015},
	pages = {797--812},
	file = {[PDF] ieee-security.org:/home/mqk/Zotero/storage/FH2NRGWR/Yamaguchi et al. - 2015 - Automatic inference of search patterns for taint-s.pdf:application/pdf;Snapshot:/home/mqk/Zotero/storage/ALP6FSE3/7163061.html:text/html}
}

@article{padmanabhuni_auditing_2016,
	title = {Auditing buffer overflow vulnerabilities using hybrid static–dynamic analysis},
	volume = {10},
	number = {2},
	urldate = {2017-09-15},
	journal = {IET Software},
	author = {Padmanabhuni, Bindu Madhavi and Tan, Hee Beng Kuan},
	year = {2016},
	pages = {54--61},
	file = {Snapshot:/home/mqk/Zotero/storage/CHZI8K6W/iet-sen.2014.html:text/html}
}

@inproceedings{larochelle2001statically,
  title={Statically Detecting Likely Buffer Overflow Vulnerabilities.},
  author={Larochelle, David and Evans, David},
  booktitle={USENIX Security Symposium},
  volume={32},
  year={2001},
  organization={Washington DC}
}


@article{kingma_adam:_2014,
	title = {Adam: {A} method for stochastic optimization},
	shorttitle = {Adam},
	journal = {arXiv preprint arXiv:1412.6980},
	author = {Kingma, Diederik and Ba, Jimmy},
	year = {2014},
	file = {Snapshot:/home/mqk/Zotero/storage/FHGPIXN3/1412.html:text/html}
}

@article{abadi_tensorflow:_2016,
	title = {Tensorflow: {Large}-scale machine learning on heterogeneous distributed systems},
	shorttitle = {Tensorflow},
	journal = {arXiv preprint arXiv:1603.04467},
	author = {Abadi, Martín and Agarwal, Ashish and Barham, Paul and Brevdo, Eugene and Chen, Zhifeng and Citro, Craig and Corrado, Greg S. and Davis, Andy and Dean, Jeffrey and Devin, Matthieu},
	year = {2016}
}

@misc{chollet_keras:_2017,
	title = {keras: {Deep} {Learning} library for {Python}. {Runs} on {TensorFlow}, {Theano}, or {CNTK}},
	shorttitle = {keras},
	url = {https://github.com/fchollet/keras},
	urldate = {2017-12-03},
	author = {Chollet, François},
	month = dec,
	year = {2017},
	note = {original-date: 2015-03-28T00:35:42Z},
	keywords = {data-science, deep-learning, machine-learning, neural-networks, python, tensorflow}
}

@misc{noauthor_gnu.org_nodate,
	title = {gnu.org},
	url = {https://www.gnu.org/software/binutils/},
	urldate = {2017-12-02},
	file = {Snapshot:/home/mqk/Zotero/storage/NJG6EQ75/binutils.html:text/html}
}

@misc{noauthor_xml_nodate,
	title = {The {XML} {C} parser and toolkit of {Gnome}},
	url = {http://www.xmlsoft.org/},
	urldate = {2017-12-02},
	file = {The XML C parser and toolkit of Gnome:/home/mqk/Zotero/storage/GFPFTI2D/www.xmlsoft.org.html:text/html}
}

@article{kirkpatrick_optimization_1983,
	title = {Optimization by simulated annealing},
	volume = {220},
	number = {4598},
	journal = {science},
	author = {Kirkpatrick, Scott and Gelatt, C. Daniel and Vecchi, Mario P.},
	year = {1983},
	pages = {671--680},
	file = {Fulltext:/home/mqk/Zotero/storage/I5ZXHVA5/Kirkpatrick et al. - 1983 - Optimization by simulated annealing.pdf:application/pdf;Snapshot:/home/mqk/Zotero/storage/D5AH7GH7/Kirkpatrick et al. - 1983 - Optimization by simulated annealing.pdf:application/pdf}
}

@article{cho_learning_2014,
	title = {Learning phrase representations using {RNN} encoder-decoder for statistical machine translation},
	journal = {arXiv preprint arXiv:1406.1078},
	author = {Cho, Kyunghyun and Van Merriënboer, Bart and Gulcehre, Caglar and Bahdanau, Dzmitry and Bougares, Fethi and Schwenk, Holger and Bengio, Yoshua},
	year = {2014},
	file = {Fulltext:/home/mqk/Zotero/storage/E5D2TQX8/Cho et al. - 2014 - Learning phrase representations using RNN encoder-.pdf:application/pdf;Snapshot:/home/mqk/Zotero/storage/KL6I6NTP/1406.html:text/html}
}

@article{bahdanau_neural_2014,
	title = {Neural machine translation by jointly learning to align and translate},
	journal = {arXiv preprint arXiv:1409.0473},
	author = {Bahdanau, Dzmitry and Cho, Kyunghyun and Bengio, Yoshua},
	year = {2014},
	file = {Fulltext:/home/mqk/Zotero/storage/KMTZB6S6/Bahdanau et al. - 2014 - Neural machine translation by jointly learning to .pdf:application/pdf;Snapshot:/home/mqk/Zotero/storage/NBTATQZM/1409.html:text/html}
}

@article{rodriguez_recurrent_1999,
	title = {A recurrent neural network that learns to count},
	volume = {11},
	number = {1},
	journal = {Connection Science},
	author = {Rodriguez, Paul and Wiles, Janet and Elman, Jeffrey L.},
	year = {1999},
	pages = {5--40}
}

@inproceedings{bohme_directed_2017,
	title = {Directed greybox fuzzing},
	booktitle = {Proceedings of the 2017 {ACM} {SIGSAC} {Conference} on {Computer} and {Communications} {Security} ({CCS}’17)},
	author = {Böhme, Marcel and Pham, Van-Thuan and Nguyen, Manh-Dung and Roychoudhury, Abhik},
	year = {2017},
	file = {Fulltext:/home/mqk/Zotero/storage/44H5YL6R/Böhme et al. - 2017 - Directed greybox fuzzing.pdf:application/pdf;Snapshot:/home/mqk/Zotero/storage/9IXXSPM6/Böhme et al. - 2017 - Directed greybox fuzzing.pdf:application/pdf}
}

@misc{noauthor_american_nodate,
	title = {american fuzzy lop},
	url = {http://lcamtuf.coredump.cx/afl/},
	urldate = {2017-11-23},
	file = {american fuzzy lop:/home/mqk/Zotero/storage/JZCLGNH5/afl.html:text/html}
}

@article{baldoni_survey_2016,
	title = {A survey of symbolic execution techniques},
	journal = {arXiv preprint arXiv:1610.00502},
	author = {Baldoni, Roberto and Coppa, Emilio and D'Elia, Daniele Cono and Demetrescu, Camil and Finocchi, Irene},
	year = {2016},
	file = {Fulltext:/home/mqk/Zotero/storage/BKLBPX3I/Baldoni et al. - 2016 - A survey of symbolic execution techniques.pdf:application/pdf;Snapshot:/home/mqk/Zotero/storage/C7WZJI7G/1610.html:text/html}
}

@inproceedings{bohme_regression_2013,
	title = {Regression tests to expose change interaction errors},
	booktitle = {Proceedings of the 2013 9th {Joint} {Meeting} on {Foundations} of {Software} {Engineering}},
	publisher = {ACM},
	author = {Böhme, Marcel and Oliveira, Bruno C. d S. and Roychoudhury, Abhik},
	year = {2013},
	pages = {334--344},
	file = {Snapshot:/home/mqk/Zotero/storage/YL8VLBM3/citation.html:text/html}
}

@inproceedings{christakis_guiding_2016,
	title = {Guiding dynamic symbolic execution toward unverified program executions},
	booktitle = {Proceedings of the 38th {International} {Conference} on {Software} {Engineering}},
	publisher = {ACM},
	author = {Christakis, Maria and Müller, Peter and Wüstholz, Valentin},
	year = {2016},
	pages = {144--155},
	file = {Fulltext:/home/mqk/Zotero/storage/3C4ZLGJG/Christakis et al. - 2016 - Guiding dynamic symbolic execution toward unverifi.pdf:application/pdf;Snapshot:/home/mqk/Zotero/storage/PSVZ4D4N/citation.html:text/html}
}

@inproceedings{haller_dowsing_2013,
	title = {Dowsing for {Overflows}: {A} {Guided} {Fuzzer} to {Find} {Buffer} {Boundary} {Violations}.},
	shorttitle = {Dowsing for {Overflows}},
	booktitle = {{USENIX} {Security} {Symposium}},
	author = {Haller, Istvan and Slowinska, Asia and Neugschwandtner, Matthias and Bos, Herbert},
	year = {2013},
	pages = {49--64},
	file = {Snapshot:/home/mqk/Zotero/storage/UPV3ZUMJ/Haller et al. - 2013 - Dowsing for Overflows A Guided Fuzzer to Find Buf.pdf:application/pdf}
}

@article{ma_directed_2011,
	title = {Directed symbolic execution},
	journal = {Static Analysis},
	author = {Ma, Kin-Keung and Yit Phang, Khoo and Foster, Jeffrey and Hicks, Michael},
	year = {2011},
	pages = {95--111},
	file = {Fulltext:/home/mqk/Zotero/storage/F6WUB624/Ma et al. - 2011 - Directed symbolic execution.pdf:application/pdf}
}

@inproceedings{marinescu_katch:_2013,
	title = {{KATCH}: high-coverage testing of software patches},
	shorttitle = {{KATCH}},
	booktitle = {Proceedings of the 2013 9th {Joint} {Meeting} on {Foundations} of {Software} {Engineering}},
	publisher = {ACM},
	author = {Marinescu, Paul Dan and Cadar, Cristian},
	year = {2013},
	pages = {235--245},
	file = {Fulltext:/home/mqk/Zotero/storage/QS96MZG2/Marinescu and Cadar - 2013 - KATCH high-coverage testing of software patches.pdf:application/pdf;Snapshot:/home/mqk/Zotero/storage/JICZYGF9/citation.html:text/html}
}

@inproceedings{person_directed_2011,
	title = {Directed incremental symbolic execution},
	volume = {46},
	booktitle = {{ACM} {SIGPLAN} {Notices}},
	publisher = {ACM},
	author = {Person, Suzette and Yang, Guowei and Rungta, Neha and Khurshid, Sarfraz},
	year = {2011},
	pages = {504--515},
	file = {Fulltext:/home/mqk/Zotero/storage/DGE4GH7G/Person et al. - 2011 - Directed incremental symbolic execution.pdf:application/pdf;Snapshot:/home/mqk/Zotero/storage/2NBQ84F6/citation.html:text/html}
}

@inproceedings{santelices_test-suite_2008,
	title = {Test-suite augmentation for evolving software},
	booktitle = {Proceedings of the 2008 23rd {IEEE}/{ACM} {International} {Conference} on {Automated} {Software} {Engineering}},
	publisher = {IEEE Computer Society},
	author = {Santelices, Raul and Chittimalli, Pavan Kumar and Apiwattanapong, Taweesup and Orso, Alessandro and Harrold, Mary Jean},
	year = {2008},
	pages = {218--227},
	file = {Snapshot:/home/mqk/Zotero/storage/TPYTE37R/citation.html:text/html}
}

@inproceedings{sparks_automated_2007,
	title = {Automated vulnerability analysis: {Leveraging} control flow for evolutionary input crafting},
	shorttitle = {Automated vulnerability analysis},
	booktitle = {Computer {Security} {Applications} {Conference}, 2007. {ACSAC} 2007. {Twenty}-{Third} {Annual}},
	publisher = {IEEE},
	author = {Sparks, Sherri and Embleton, Shawn and Cunningham, Ryan and Zou, Cliff},
	year = {2007},
	pages = {477--486},
	file = {Fulltext:/home/mqk/Zotero/storage/26EGMNL6/Sparks et al. - 2007 - Automated vulnerability analysis Leveraging contr.pdf:application/pdf;Snapshot:/home/mqk/Zotero/storage/FAG7KAZJ/4413013.html:text/html}
}

@misc{flawfinder_nodate,
	title = {Flawfinder {Home} {Page}},
	url = {https://www.dwheeler.com/flawfinder/},
	urldate = {2017-09-15},
	file = {Flawfinder Home Page:/home/mqk/Zotero/storage/9XR6BX7B/flawfinder.html:text/html}
}

@inproceedings{padmanabhuni_predicting_2014,
	title = {Predicting {Buffer} {Overflow} {Vulnerabilities} through {Mining} {Light}-{Weight} {Static} {Code} {Attributes}},
	booktitle = {Software {Reliability} {Engineering} {Workshops} ({ISSREW}), 2014 {IEEE} {International} {Symposium} on},
	publisher = {IEEE},
	author = {Padmanabhuni, Bindu Madhavi and Tan, Hee Beng Kuan},
	year = {2014},
	pages = {317--322}
}

@inproceedings{yamaguchi_modeling_2014,
	title = {Modeling and discovering vulnerabilities with code property graphs},
	booktitle = {Security and {Privacy} ({SP}), 2014 {IEEE} {Symposium} on},
	publisher = {IEEE},
	author = {Yamaguchi, Fabian and Golde, Nico and Arp, Daniel and Rieck, Konrad},
	year = {2014},
	pages = {590--604}
}

@article{stehman_selecting_1997,
	title = {Selecting and interpreting measures of thematic classification accuracy},
	volume = {62},
	number = {1},
	journal = {Remote sensing of Environment},
	author = {Stehman, Stephen V.},
	year = {1997},
	pages = {77--89},
	file = {Snapshot:/home/mqk/Zotero/storage/KQWDEZRL/S0034425797000837.html:text/html}
}

@inproceedings{zitser_testing_2004,
	title = {Testing static analysis tools using exploitable buffer overflows from open source code},
	volume = {29},
	booktitle = {{ACM} {SIGSOFT} {Software} {Engineering} {Notes}},
	publisher = {ACM},
	author = {Zitser, Misha and Lippmann, Richard and Leek, Tim},
	year = {2004},
	pages = {97--106}
}

@techreport{kratkiewicz_evaluating_2005,
	title = {Evaluating static analysis tools for detecting buffer overflows in c code},
	institution = {HARVARD UNIV CAMBRIDGE MA},
	author = {Kratkiewicz, Kendra J.},
	year = {2005},
	file = {Fulltext:/home/mqk/Zotero/storage/JMD8LDGF/Kratkiewicz - 2005 - Evaluating static analysis tools for detecting buf.pdf:application/pdf;Snapshot:/home/mqk/Zotero/storage/FMS7UFTS/ADA511392.html:text/html}
}

@misc{noauthor_cve_nodate,
	title = {{CVE}-2016-9537},
	howpublished = "\url{https://cve.mitre.org/cgi-bin/cvename.cgi?name=CVE-2016-953}",
}

@misc{gremlin,
  title = {gremlin},
  howpublished = "\url{http://github.com/tinkerpop/gremlin/}",
  }

@inproceedings{yamaguchi_modeling_2014,
	title = {Modeling and discovering vulnerabilities with code property graphs},
	urldate = {2017-08-29},
	booktitle = {Security and {Privacy} ({SP}), 2014 {IEEE} {Symposium} on},
	publisher = {IEEE},
	author = {Yamaguchi, Fabian and Golde, Nico and Arp, Daniel and Rieck, Konrad},
	year = {2014},
	pages = {590--604},
	file = {Snapshot:/home/mqk/Zotero/storage/WP95F5UG/6956589.html:text/html}
}

@inproceedings{yamaguchi_automatic_2015,
	title = {Automatic inference of search patterns for taint-style vulnerabilities},
	urldate = {2017-08-29},
	booktitle = {Security and {Privacy} ({SP}), 2015 {IEEE} {Symposium} on},
	publisher = {IEEE},
	author = {Yamaguchi, Fabian and Maier, Alwin and Gascon, Hugo and Rieck, Konrad},
	year = {2015},
	pages = {797--812},
	file = {[PDF] ieee-security.org:/home/mqk/Zotero/storage/IWUS5RP8/Yamaguchi et al. - 2015 - Automatic inference of search patterns for taint-s.pdf:application/pdf;Snapshot:/home/mqk/Zotero/storage/5Y7IHIFL/7163061.html:text/html}
}

@inproceedings{weiser_program_1981,
	title = {Program slicing},
	urldate = {2017-08-28},
	booktitle = {Proceedings of the 5th international conference on {Software} engineering},
	publisher = {IEEE Press},
	author = {Weiser, Mark},
	year = {1981},
	pages = {439--449},
	file = {[PDF] buffalo.edu:/home/mqk/Zotero/storage/IWIKB4EU/Weiser - 1981 - Program slicing.pdf:application/pdf}
}

@article{ferrante_program_1987,
	title = {The program dependence graph and its use in optimization},
	volume = {9},
	number = {3},
	urldate = {2017-08-28},
	journal = {ACM Transactions on Programming Languages and Systems (TOPLAS)},
	author = {Ferrante, Jeanne and Ottenstein, Karl J. and Warren, Joe D.},
	year = {1987},
	pages = {319--349},
	file = {[PDF] gatech.edu:/home/mqk/Zotero/storage/XBSLKVK7/Ferrante et al. - 1987 - The program dependence graph and its use in optimi.pdf:application/pdf;Snapshot:/home/mqk/Zotero/storage/V6D93NEJ/citation.html:text/html}
}

@book{parr_definitive_2013,
	title = {The definitive {ANTLR} 4 reference},
	urldate = {2017-08-10},
	publisher = {Pragmatic Bookshelf},
	author = {Parr, Terence},
	year = {2013},
	file = {Snapshot:/home/mqk/Zotero/storage/WK555TW8/citation.html:text/html}
}

@inproceedings{moonen_generating_2001,
	title = {Generating robust parsers using island grammars},
	urldate = {2017-08-10},
	booktitle = {Reverse {Engineering}, 2001. {Proceedings}. {Eighth} {Working} {Conference} on},
	publisher = {IEEE},
	author = {Moonen, Leon},
	year = {2001},
	pages = {13--22},
	file = {Snapshot:/home/mqk/Zotero/storage/2FKVSJIQ/957806.html:text/html}
}

@inproceedings{padmanabhuni_auditing_nodate,
	title = {Auditing {Buffer} {Overflow} {Vulnerabilities} {Using} {Hybrid} {Static}-{Dynamic} {Analysis}},
	urldate = {2017-08-10},
	booktitle = {2014 {IEEE} 38th {Annual} {Computer} {Software} and {Applications} {Conference}},
	author = {Padmanabhuni, Bindu Madhavi and Tan, Hee Beng Kuan}
}

@PHDTHESIS{Yamaguchi2015,
  author = {Yamaguchi Fabian},
  title = {Pattern-Based Vulnerability Discovery},
  school = {Computer Science, Georg-August-Universitat G ¨ ottingen},
  year = {2015},
  address = {USA},
  month = {May}
}
@ARTICLE{Yamaguchi2015,
author = {Yamaguchi, Fabian},
pages = {151},
title = {{Pattern-Based Vulnerability Discovery}},
year = {2015}
}
@ARTICLE{ELIDRISSI94,
  author = {{Chafik El Idrissi}, M. and {Roney}, A. and {Frigon}, C. and {Larzilli{\`e}re},M.},
  title = {Measurements of total kinetic-energy released to the {$N=2$} dissociation
	limit of {H}$_2$ --- evidence of the dissociation of very high vibrational
	{R}ydberg states of {H}$_2$ by doubly-excited states},
  journal = {Chemical Physics Letters},
  year = {1994},
  volume = {224},
  pages = {260-266},
  number = {10}
}

@BOOK{companion,
  title = {The {\LaTeX} Companion},
  publisher = {Addison-Wesley Publishing Company},
  year = {1994},
  author = {Michel Goosens and Frank Mittelbach and Alexander Samarin},
  pages = {112--125},
  address = {Reading, MA}
}

@BOOK{IEEE-1363,
  title = {{IEEE} Standard Specifications for Public-Key Cryptography},
  publisher = {IEEE},
  year = {2000},
  author = {{IEEE Std 1363-2000}},
  address = {New York}
}

@MASTERSTHESIS{metamori2004,
  author = {Ashwin Raju Jeyakumar},
  title = {Metamori: A library for Incremental File Checkpointing},
  school = {Virgina Tech},
  year = {2004},
  address = {Blacksburg},
  month = {jun 21}
}

@INPROCEEDINGS{DPMG,
  author = {Kim, Sangbum and Woo, Namyoon and Yeom, Heon Y. and Park, Taesoon
	and Park, Hyoungwoo},
  title = {Design and {I}mplementation of {D}ynamic {P}rocess {M}anagement for
	{G}rid-enabled {MPICH}},
  booktitle = {the 10th European PVM/MPI Users' Group Conference},
  year = {2003},
  address = {Venice, Italy},
  month = {sep}
}

@BOOK{tex,
  title = {The {\TeX} Book},
  publisher = {Addison-Wesley Publishing Company},
  year = {1989},
  author = {Donald E. Knuth},
  address = {Reading, MA},
  edition = {15th}
}

@INPROCEEDINGS{kocher99,
  author = {C. Kocher and J. Jaffe and B. Jun},
  title = {Differential Power Analysis},
  booktitle = {Advances in Cryptology ({CRYPTO}~'99)},
  year = {1999},
  editor = {M. Wiener},
  volume = {1666},
  series = {Lecture Notes in Computer Science},
  pages = {388-397},
  month = {August},
  publisher = {Springer-Verlag}
}

@INCOLLECTION{Krasnogor2004e,
  author = {N. Krasnogor},
  title = {Towards robust memetic algorithms},
  booktitle = {Recent Advances in Memetic Algorithms},
  publisher = {Springer Berlin Heidelberg},
  year = {2004},
  editor = {W.E. Hart and N. Krasnogor and J.E. Smith},
  volume = {166},
  series = {Studies in Fuzziness and Soft Computing},
  pages = {185-207},
  address = {New York}
}

@ARTICLE{MELLINGER96,
  author = {Mellinger, A. and Vidal, C. R. and Jungen, Ch.},
  title = {Laser reduced fluorescence study of the carbon-monoxide nd triplet
	{R}ydberg series-experimental results and multichannel quantum-defect
	analysis},
  journal = {J. Chem. Phys.},
  year = {1996},
  volume = {104},
  pages = {8913-8921},
  number = {5}
}

@ARTICLE{SHELL02,
  author = {Michael Shell},
  title = {How to Use the {IEEEtran {\LaTeX}} Class},
  journal = {Journal of {\LaTeX} Class Files},
  year = {2002},
  volume = {12},
  pages = {100--120},
  number = {4}
}

@TECHREPORT{NPB2,
  author = {Alex Woo and David Bailey and Maurice Yarrow and Wijngaart Wijngaart
	and Tim Harris and William Saphir},
  title = {The {NAS} Parallel Benchmarks 2.0},
  institution = {The Pennsylvania State University CiteSeer Archives},
  year = {1995},
  month = {dec 05},
  url = {http://www.nasa.org/}
}

@PHDTHESIS{FistSystem01,
  author = {Erez Zadok},
  title = {{FiST}: A System for Stackable File System Code Generation},
  school = {Computer Science Department, Columbia University},
  year = {2001},
  address = {USA},
  month = {May}
}

@PHDTHESIS{shaheshang,
  author = {沙和尚},
  title = {论流沙河的综合治理},
  school = {清华大学},
  year = {2005},
  address = {北京},
  language = {zh}
}

@MASTERSTHESIS{zhubajie,
  author = {猪八戒},
  title = {论流体食物的持久保存这是一个很长很长的题目用来测试BiBTeX会不会出现乱码貌似北邮的BST工作的很好},
  school = {广寒宫大学},
  year = {2005},
  address = {北京},
  language = {zh}
}

@INPROCEEDINGS{cnproceed,
  author = {王重阳 and 黄药师 and 欧阳峰 and 洪七公 and 段皇帝},
  title = {武林高手从入门到精通},
  booktitle = {第~$N$~次华山论剑},
  year = {2006},
  address = {西安, 中国},
  month = {sep},
  language = {zh}
}

@INCOLLECTION{zjsw,
  author = {班固},
  title = {苏武传},
  booktitle = {传记散文英华},
  publisher = {湖北人民出版社},
  year = {1998},
  editor = {郑在瀛 and 汪超宏 and 周文复},
  volume = {2},
  series = {新古文观止丛书},
  pages = {65-69},
  address = {武汉},
  language = {zh}
}

@ARTICLE{cnarticle,
  author = {贾宝玉 and 林黛玉 and 薛宝钗 and 贾探春},
  title = {论刘姥姥食量大如牛之现实意义},
  journal = {红楼梦杂谈},
  year = {1800},
  volume = {224},
  pages = {260--266},
  language = {zh}
}

@INBOOK{clzs,
  chapter = {大人物还是讲人情的},
  pages = {185-207},
  title = {沧浪之水},
  publisher = {人民文学出版社},
  year = {2001},
  author = {阎真},
  language = {zh}
}



@comment{jabref-meta: selector_publisher:}

@comment{jabref-meta: selector_author:}

@comment{jabref-meta: selector_journal:}

@comment{jabref-meta: selector_keywords:}

