% Encoding: UTF-8

@book{dekok_pscan:_2000,
        title = {{PScan}: {A} limited problem scanner for {C} source files},
        shorttitle = {{PScan}},
        author = {DeKok, Alan},
        year = {2000}
}

@inproceedings{rodriguez_gremlin_2015,
        title = {The gremlin graph traversal machine and language (invited talk)},
        booktitle = {Proceedings of the 15th {Symposium} on {Database} {Programming} {Languages}},
        publisher = {ACM},
        author = {Rodriguez, Marko A.},
        year = {2015},
        pages = {1--10}
}

@misc{noauthor_neo4j_nodate,
        title = {The {Neo}4j {Graph} {Platform} – {The} \#1 {Platform} for {Connected} {Data}},
        url = {https://neo4j.com/},
        urldate = {2018-01-08}
}

@inproceedings{cousot_automatic_nodate,
        title = {Automatic discovery oflinear constraints among variables of a program},
        booktitle = {Proc. of the 5th {ACM} {Symp}. on {POPL} (1978)},
        author = {Cousot, Patrick and Halbwachs, Nicolas},
        pages = {84--97}
}

@phdthesis{mine_weakly_2004,
        title = {Weakly relational numerical abstract domains},
        school = {Ecole Polytechnique X},
        author = {Miné, Antoine},
        year = {2004},
        file = {Fulltext:/home/mqk/Zotero/storage/CYMEUKVB/Miné - 2004 - Weakly relational numerical abstract domains.pdf:application/pdf;Snapshot:/home/mqk/Zotero/storage/KM3AP2QP/tel-00136630.html:text/html}
}

@article{mine_octagon_2006,
        title = {The octagon abstract domain},
        volume = {19},
        number = {1},
        journal = {Higher-order and symbolic computation},
        author = {Miné, Antoine},
        year = {2006},
        pages = {31--100},
        file = {Fulltext:/home/mqk/Zotero/storage/8B9H96IC/Miné - 2006 - The octagon abstract domain.pdf:application/pdf;Snapshot:/home/mqk/Zotero/storage/IQXEA9TL/s10990-006-8609-1.html:text/html}
}

@article{chen_interval_2009,
        title = {Interval polyhedra: {An} abstract domain to infer interval linear relationships},
        shorttitle = {Interval polyhedra},
        journal = {Static Analysis},
        author = {Chen, Liqian and Miné, Antoine and Wang, Ji and Cousot, Patrick},
        year = {2009},
        pages = {309--325},
        file = {Fulltext:/home/mqk/Zotero/storage/IXSGA3HA/Chen et al. - 2009 - Interval polyhedra An abstract domain to infer in.pdf:application/pdf}
}

@inproceedings{logozzo_pentagons:_2008,
        title = {Pentagons: a weakly relational abstract domain for the efficient validation of array accesses},
        shorttitle = {Pentagons},
        booktitle = {Proceedings of the 2008 {ACM} symposium on {Applied} computing},
        publisher = {ACM},
        author = {Logozzo, Francesco and Fähndrich, Manuel},
        year = {2008},
        pages = {184--188}
}

@article{gregor_stllint:_2006,
        title = {{STLlint}: lifting static checking from languages to libraries},
        volume = {36},
        shorttitle = {{STLlint}},
        number = {3},
        journal = {Software: Practice and Experience},
        author = {Gregor, Douglas and Schupp, Sibylle},
        year = {2006},
        pages = {225--254},
        file = {Fulltext:/home/mqk/Zotero/storage/9B865YW9/Gregor and Schupp - 2006 - STLlint lifting static checking from languages to.pdf:application/pdf;Snapshot:/home/mqk/Zotero/storage/CKTALL2I/Gregor and Schupp - 2006 - STLlint lifting static checking from languages to:}
}

@misc{noauthor_splint_nodate,
        title = {Splint {Home} {Page}},
        url = {http://lclint.cs.virginia.edu/},
        urldate = {2018-01-01},
        file = {Splint Home Page:/home/mqk/Zotero/storage/PSUDH8JV/lclint.cs.virginia.edu.html:text/html}
}

@phdthesis{zhangliyong_2011,
        title = {软件源代码安全分析研究},
        school = {西安: 西安电子科技大学},
        author = {{张立勇}},
        year = {2011},
        file = {Snapshot:/home/mqk/Zotero/storage/ZKDH65CK/CDMD-10701-1011200557.html:text/html}
} 

@misc{noauthor_code_nodate,
        title = {Code {Check} - {Help} with {Building} {Codes}},
        url = {http://www.codecheck.com/cc/index.html},
        urldate = {2018-01-01}, 
        file = {Code Check - Help with Building Codes:/home/mqk/Zotero/storage/HLNYFFC8/index.html:text/html}
}       
        
@inproceedings{ashcraft_using_2002,
        title = {Using programmer-written compiler extensions to catch security holes},
        booktitle = {Security and {Privacy}, 2002. {Proceedings}. 2002 {IEEE} {Symposium} on},
        publisher = {IEEE},
        author = {Ashcraft, Ken and Engler, Dawson},
        year = {2002},
        pages = {143--159},
        file = {Snapshot:/home/mqk/Zotero/storage/I5UGXV5F/1004368.html:text/html}
}

@article{meng_assisting_2017,
        title = {Assisting in {Auditing} of {Buffer} {Overflow} {Vulnerabilities} via {Machine} {Learning}},
        volume = {2017},
        journal = {Mathematical Problems in Engineering},
        author = {Meng, Qingkun and Feng, Chao and Zhang, Bin and Tang, Chaojing},
        year = {2017},
        file = {Fulltext:/home/mqk/Zotero/storage/G7FBWSZK/Meng et al. - 2017 - Assisting in Auditing of Buffer Overflow Vulnerabi.pdf:application/pdf;Snapshot:/home/mqk/Zotero/storage/JQ838F7J/abs.html:application/xhtml+xml}
}

@misc{noauthor_clang_nodate,
        title = {"clang" {C} {Language} {Family} {Frontend} for {LLVM}},
        url = {https://clang.llvm.org/},
        urldate = {2017-12-28},
        file = {"clang" C Language Family Frontend for LLVM:/home/mqk/Zotero/storage/GIVEZ9PV/clang.llvm.org.html:text/html}
}    

@inproceedings{robertson_run-time_2003,
        title = {Run-time {Detection} of {Heap}-based {Overflows}.},
        volume = {3},
        booktitle = {{LISA}},
        author = {Robertson, William K. and Kruegel, Christopher and Mutz, Darren and Valeur, Fredrik},
        year = {2003},
        pages = {51--60}, 
        file = {Snapshot:/home/mqk/Zotero/storage/6YN9XIX3/robertson_html.html:text/html}
} 

@article{heelan_vulnerability_2011,
        title = {Vulnerability detection systems: {Think} cyborg, not robot},
        volume = {9},
        shorttitle = {Vulnerability detection systems},
        number = {3},
        journal = {IEEE Security \& Privacy},
        author = {Heelan, Sean},
        year = {2011},
        pages = {74--77}
}

@article{rice_classes_1953,
        title = {Classes of recursively enumerable sets and their decision problems},
        volume = {74},
        number = {2},
        journal = {Transactions of the American Mathematical Society},
        author = {Rice, Henry Gordon},
        year = {1953},
        pages = {358--366},
        file = {Fulltext:/home/mqk/Zotero/storage/KPYN3F58/Rice - 1953 - Classes of recursively enumerable sets and their d.pdf:application/pdf;Snapshot:/home/mqk/Zotero/storage/KBASWJVJ/1990888.html:text/html}
}

@article{rajpal_not_2017,
        title = {Not all bytes are equal: {Neural} byte sieve for fuzzing},
        shorttitle = {Not all bytes are equal},
        journal = {arXiv preprint arXiv:1711.04596},
        author = {Rajpal, Mohit and Blum, William and Singh, Rishabh},
        year = {2017},
        file = {Fulltext:/home/mqk/Zotero/storage/AR6WHDL5/Rajpal et al. - 2017 - Not all bytes are equal Neural byte sieve for fuz.pdf:application/pdf;Snapshot:/home/mqk/Zotero/storage/ITUBVVVY/1711.html:text/html}
}

@misc{noauthor_autodafe_nodate,
        title = {Autodafe},
        url = {http://autodafe.sourceforge.net/},
        urldate = {2017-12-21},
        file = {Autodafe:/home/mqk/Zotero/storage/N8EW8Y4G/autodafe.sourceforge.net.html:text/html}
}

@misc{noauthor_sulley:_2017,
        title = {sulley: {A} pure-python fully automated and unattended fuzzing framework},
        copyright = {GPL-2.0},
        shorttitle = {sulley},
        url = {https://github.com/OpenRCE/sulley},
        urldate = {2017-12-21},
        publisher = {OpenRCE},
        month = dec,
        year = {2017},
        note = {original-date: 2012-04-03T15:28:57Z}
}

@misc{noauthor_antiparser_nodate,
        title = {antiparser},
        url = {http://antiparser.sourceforge.net/},
        urldate = {2017-12-21},
        file = {antiparser:/home/mqk/Zotero/storage/EV4UUYW9/antiparser.sourceforge.net.html:text/html}
} 

@inproceedings{wang_taintscope:_2010,
        title = {{TaintScope}: {A} checksum-aware directed fuzzing tool for automatic software vulnerability detection},
        shorttitle = {{TaintScope}},
        booktitle = {Security and privacy ({SP}), 2010 {IEEE} symposium on},
        publisher = {IEEE},
        author = {Wang, Tielei and Wei, Tao and Gu, Guofei and Zou, Wei},
        year = {2010},
        pages = {497--512},
        file = {Fulltext:/home/mqk/Zotero/storage/T3TCJQEB/Wang et al. - 2010 - TaintScope A checksum-aware directed fuzzing tool.pdf:application/pdf;Snapshot:/home/mqk/Zotero/storage/C78WET45/5504701.html:text/html}
}

@inproceedings{lin_automatic_2010,
        title = {Automatic reverse engineering of data structures from binary execution},
        booktitle = {Proceedings of the 11th {Annual} {Information} {Security} {Symposium}},
        publisher = {CERIAS-Purdue University},
        author = {Lin, Zhiqiang and Zhang, Xiangyu and Xu, Dongyan},
        year = {2010},
        pages = {5},
        file = {Snapshot:/home/mqk/Zotero/storage/GW7T4Q2F/citation.html:text/html}
}

@article{gorbunov_autofuzz:_2010,
        title = {Autofuzz: {Automated} network protocol fuzzing framework},
        volume = {10},
        shorttitle = {Autofuzz},
        number = {8},
        journal = {IJCSNS},
        author = {Gorbunov, Serge and Rosenbloom, Arnold},
        year = {2010},
        pages = {239},
        file = {Fulltext:/home/mqk/Zotero/storage/LRKE4A7J/Gorbunov and Rosenbloom - 2010 - Autofuzz Automated network protocol fuzzing frame.pdf:application/pdf;Snapshot:/home/mqk/Zotero/storage/AQVQFI3M/Gorbunov and Rosenbloom - 2010 - Autofuzz Automated network protocol fuzzing frame.pdf:application/pdf}
}

@article{kim_efficient_2011,
        title = {Efficient file fuzz testing using automated analysis of binary file format},
        volume = {57},
        number = {3},
        journal = {Journal of Systems Architecture},
        author = {Kim, Hyoung Chun and Choi, Young Han and Lee, Dong Hoon},
        year = {2011},
        pages = {259--268},
        file = {Snapshot:/home/mqk/Zotero/storage/R8HPSJV8/S1383762110000147.html:text/html}
}

@article{li_automatic_2011,
        title = {An automatic network protocol fuzz testing and vulnerability discovering method},
        volume = {34},
        number = {2},
        journal = {Jisuanji Xuebao(Chinese Journal of Computers)},
        author = {Li, Wei-Ming and Zhang, Ai-Fang and Liu, Jian-Cai and Li, Zhi-Tang},
        year = {2011},
        pages = {242--255},
        file = {Snapshot:/home/mqk/Zotero/storage/N7D8UTGP/view.html:text/html}
}

@article{liubiao__2014,
        title = {基于模糊测试的软件安全漏洞发掘技术研究},
        number = {3},
        journal = {网络安全技术与应用},
        author = {{刘彪}},
        year = {2014},
        pages = {37--37}
}

@inproceedings{bekrar_finding_2011,
        title = {Finding software vulnerabilities by smart fuzzing},
        booktitle = {Software {Testing}, {Verification} and {Validation} ({ICST}), 2011 {IEEE} {Fourth} {International} {Conference} on},
        publisher = {IEEE},
        author = {Bekrar, Sofia and Bekrar, Chaouki and Groz, Roland and Mounier, Laurent},
        year = {2011},
        pages = {427--430},
        file = {Fulltext:/home/mqk/Zotero/storage/9RWJ5IRF/Bekrar et al. - 2011 - Finding software vulnerabilities by smart fuzzing.pdf:application/pdf;Snapshot:/home/mqk/Zotero/storage/XMZKBA7T/5770635.html:text/html}
}

@article{cordon_ten_2004,
        title = {Ten years of genetic fuzzy systems: current framework and new trends}, 
        volume = {141},
        shorttitle = {Ten years of genetic fuzzy systems},
        number = {1},
        journal = {Fuzzy sets and systems},
        author = {Cordón, Oscar and Gomide, Fernando and Herrera, Francisco and Hoffmann, Frank and Magdalena, Luis},
        year = {2004},
        pages = {5--31},
        file = {Fulltext:/home/mqk/Zotero/storage/8CKD2YUY/Cordón et al. - 2004 - Ten years of genetic fuzzy systems current framew.pdf:application/pdf;Snapshot:/home/mqk/Zotero/storage/BDSLCG7Q/S0165011403001118.html:text/html}
}

@inproceedings{liu_vulnerability_2008,
        title = {Vulnerability analysis for x86 executables using genetic algorithm and fuzzing},
        volume = {2},
        booktitle = {Convergence and {Hybrid} {Information} {Technology}, 2008. {ICCIT}'08. {Third} {International} {Conference} on},
        publisher = {IEEE},
        author = {Liu, Guang-Hong and Wu, Gang and Tao, Zheng and Shuai, Jian-Mei and Tang, Zhuo-Chun},
        year = {2008},
        pages = {491--497},
        file = {Snapshot:/home/mqk/Zotero/storage/38FGIA4G/4682289.html:text/html}
}

@inproceedings{rawat_evolutionary_2010,
        title = {An evolutionary computing approach for hunting buffer overflow vulnerabilities: {A} case of aiming in dim light},
        shorttitle = {An evolutionary computing approach for hunting buffer overflow vulnerabilities},
        booktitle = {Computer {Network} {Defense} ({EC}2ND), 2010 {European} {Conference} on},
        publisher = {IEEE},
        author = {Rawat, Sanjay and Mounier, Laurent},
        year = {2010},
        pages = {37--45}
}


@inproceedings{ganesh_taint-based_2009,
        title = {Taint-based directed whitebox fuzzing},
        booktitle = {Proceedings of the 31st {International} {Conference} on {Software} {Engineering}},
        publisher = {IEEE Computer Society}, 
        author = {Ganesh, Vijay and Leek, Tim and Rinard, Martin},
        year = {2009},
        pages = {474--484},
        file = {Fulltext:/home/mqk/Zotero/storage/7VCDC5VV/Ganesh et al. - 2009 - Taint-based directed whitebox fuzzing.pdf:application/pdf;Snapshot:/home/mqk/Zotero/storage/WJP9A9ZA/citation.html:text/html}
}

@inproceedings{bekrar_finding_2011, 
        title = {Finding software vulnerabilities by smart fuzzing},
        booktitle = {Software {Testing}, {Verification} and {Validation} ({ICST}), 2011 {IEEE} {Fourth} {International} {Conference} on},
        publisher = {IEEE},
        author = {Bekrar, Sofia and Bekrar, Chaouki and Groz, Roland and Mounier, Laurent},
        year = {2011},
        pages = {427--430}
}

@inproceedings{wu_new_2009,
        title = {A new fuzzing technique for software vulnerability mining},
        booktitle = {International {Conference} on {Software} {Engineering}},
        author = {Wu, Zhiyong and Atwood, J. William and Zhu, Xueyong},
        year = {2009},
        file = {Fulltext:/home/mqk/Zotero/storage/CQM4GGRK/Wu et al. - 2009 - A new fuzzing technique for software vulnerability.pdf:application/pdf;Snapshot:/home/mqk/Zotero/storage/LF35LDDD/Wu et al. - 2009 - A new fuzzing technique for software vulnerability.pdf:application/pdf}
}

@inproceedings{lanzi_smart_2007,
        title = {A smart fuzzer for x86 executables},
        booktitle = {Software {Engineering} for {Secure} {Systems}, 2007. {SESS}'07: {ICSE} {Workshops} 2007. {Third} {International} {Workshop} on},
        publisher = {IEEE},
        author = {Lanzi, Andrea and Martignoni, Lorenzo and Monga, Mattia and Paleari, Roberto},
        year = {2007},
        pages = {7--7},
        file = {Fulltext:/home/mqk/Zotero/storage/WGKA94CX/Lanzi et al. - 2007 - A smart fuzzer for x86 executables.pdf:application/pdf;Snapshot:/home/mqk/Zotero/storage/EWILJ6B8/4273333.html:text/html}
}

@inproceedings{rawat_offset-aware_2011,
        title = {Offset-aware mutation based fuzzing for buffer overflow vulnerabilities: {Few} preliminary results},
        shorttitle = {Offset-aware mutation based fuzzing for buffer overflow vulnerabilities},
        booktitle = {Software {Testing}, {Verification} and {Validation} {Workshops} ({ICSTW}), 2011 {IEEE} {Fourth} {International} {Conference} on},
        publisher = {IEEE},
        author = {Rawat, Sanjay and Mounier, Laurent},
        year = {2011},
        pages = {531--533}
}

@book{sutton_fuzzing:_2007,
        title = {Fuzzing: brute force vulnerability discovery},
        shorttitle = {Fuzzing},
        publisher = {Pearson Education},
        author = {Sutton, Michael and Greene, Adam and Amini, Pedram},
        year = {2007}
} 

@inproceedings{godefroid_automatic_2011,
        title = {Automatic partial loop summarization in dynamic test geneation},
        booktitle = {Proceedings of the 2011 {International} {Symposium} on {Software} {Testing} and {Analysis}},
        publisher = {ACM},
        author = {Godefroid, Patrice and Luchaup, Daniel},
        year = {2011},
        pages = {23--33},
        file = {Fulltext:/home/mqk/Zotero/storage/V7YFB35W/Godefroid and Luchaup - 2011 - Automatic partial loop summarization in dynamic te.pdf:application/pdf;Snapshot:/home/mqk/Zotero/storage/SJ8FLI9C/citation.html:text/html}
}

@phdthesis{trtik_symbolic_2014,
        title = {Symbolic execution and program loops},
        school = {Masarykova univerzita, Fakulta informatiky},
        author = {Trtík, Marek},
        year = {2014}
} 

@inproceedings{godefroid_compositional_2010,
        title = {Compositional may-must program analysis: unleashing the power of alternation},
        volume = {45},
        shorttitle = {Compositional may-must program analysis},
        booktitle = {{ACM} {Sigplan} {Notices}},
        publisher = {ACM},
        author = {Godefroid, Patrice and Nori, Aditya V. and Rajamani, Sriram K. and Tetali, Sai Deep},
        year = {2010},
        pages = {43--56},
        file = {Fulltext:/home/mqk/Zotero/storage/EMNPEZYX/Godefroid et al. - 2010 - Compositional may-must program analysis unleashin.pdf:application/pdf;Snapshot:/home/mqk/Zotero/storage/IHLM3S26/citation.html:text/html}
}

@article{boonstoppel_rwset:_2008,
        title = {{RWset}: {Attacking} path explosion in constraint-based test generation},
        shorttitle = {{RWset}},
        journal = {Tools and Algorithms for the Construction and Analysis of Systems},
        author = {Boonstoppel, Peter and Cadar, Cristian and Engler, Dawson},
        year = {2008},
        pages = {351--366}
}

@inproceedings{godefroid_grammar-based_2008,
        title = {Grammar-based whitebox fuzzing},
        volume = {43},
        booktitle = {{ACM} {Sigplan} {Notices}},
        publisher = {ACM},
        author = {Godefroid, Patrice and Kiezun, Adam and Levin, Michael Y.},
        year = {2008},
        pages = {206--215},
        file = {Snapshot:/home/mqk/Zotero/storage/JJCYCR6Y/citation.html:text/html}
}

@inproceedings{majumdar_directed_2007,
        title = {Directed test generation using symbolic grammars},
        booktitle = {Proceedings of the twenty-second {IEEE}/{ACM} international conference on {Automated} software engineering},
        publisher = {ACM}, 
        author = {Majumdar, Rupak and Xu, Ru-Gang},
        year = {2007},
        pages = {134--143},
        file = {Snapshot:/home/mqk/Zotero/storage/EJVGGDEV/citation.html:text/html}
}

@inproceedings{godefroid_higher-order_2011,
        title = {Higher-order test generation},
        volume = {46},
        booktitle = {{ACM} {SIGPLAN} {Notices}}, 
        publisher = {ACM},
        author = {Godefroid, Patrice},
        year = {2011},
        pages = {258--269}
}

@misc{noauthor_simple_nodate,
        title = {Simple {Theorem} {Prover}},
        url = {https://github.com/stp},
        abstract = {GitHub is where people build software. More than 26 million people use GitHub to discover, fork, and contribute to over 74 million projects.},
        urldate = {2017-12-21},
        journal = {GitHub},
        file = {Snapshot:/home/mqk/Zotero/storage/IH72GZB7/stp.html:text/html}
}

@article{ranise_satisfiability_2006,
        title = {Satisfiability modulo theories},
        volume = {21},
        number = {6},
        journal = {Trends and Controversies-IEEE Intelligent Systems Magazine},
        author = {Ranise, Silvio and Tinelli, Cesare},
        year = {2006},
        pages = {71--81},
        file = {Fulltext:/home/mqk/Zotero/storage/3LLEKEJS/Ranise and Tinelli - 2006 - Satisfiability modulo theories.pdf:application/pdf;Snapshot:/home/mqk/Zotero/storage/DFKY9KB8/Ranise and Tinelli - 2006 - Satisfiability modulo theories.pdf:application/pdf}
}

@article{beale_global_1976,
        title = {Global optimization using special ordered sets},
        volume = {10},
        number = {1},
        journal = {Mathematical Programming},
        author = {Beale, E. M. L. and Forrest, John JH},
        year = {1976},
        pages = {52--69}
}

@article{buttrey_calling_2005,
        title = {Calling the lp\_solve linear program software from {R}, {S}-{PLUS} and {Excel}},
        volume = {14},
        number = {4},
        journal = {Journal of Statistical Software},
        author = {Buttrey, Samuel E.},
        year = {2005},
        pages = {1--13}
} 

@inproceedings{newsome_dynamic_2005,
        title = {Dynamic taint analysis: {Automatic} detection, analysis, and signature generation of exploit attacks on commodity software},
        shorttitle = {Dynamic taint analysis},
        booktitle = {In {In} {Proceedings} of the 12th {Network} and {Distributed} {Systems} {Security} {Symposium}},
        publisher = {Citeseer},
        author = {Newsome, James and Song, Dawn},
        year = {2005},
        file = {Snapshot:/home/mqk/Zotero/storage/7W7T7LKR/summary.html:text/html}
}

@article{henderson_decaf:_2017,
        title = {{DECAF}: {A} {Platform}-{Neutral} {Whole}-{System} {Dynamic} {Binary} {Analysis} {Platform}},
        volume = {43},
        shorttitle = {{DECAF}},
        number = {2},
        journal = {IEEE Transactions on Software Engineering},
        author = {Henderson, Andrew and Yan, Lok Kwong and Hu, Xunchao and Prakash, Aravind and Yin, Heng and McCamant, Stephen},
        year = {2017},
        pages = {164--184},
        file = {Snapshot:/home/mqk/Zotero/storage/WWW5QCZH/7506264.html:text/html}
}

@inproceedings{ros_sler_reconstructing_2013,
        title = {Reconstructing core dumps},
        booktitle = {Software {Testing}, {Verification} and {Validation} ({ICST}), 2013 {IEEE} {Sixth} {International} {Conference} on},
        publisher = {IEEE},
        author = {Rö{\textbackslash}s sler, Jeremias and Zeller, Andreas and Fraser, Gordon and Zamfir, Cristian and Candea, George},
        year = {2013}, 
        pages = {114--123}
}

@inproceedings{jin_bugredux:_2012,
        title = {{BugRedux}: reproducing field failures for in-house debugging},
        shorttitle = {{BugRedux}},
        booktitle = {Software {Engineering} ({ICSE}), 2012 34th {International} {Conference} on},
        publisher = {IEEE},
        author = {Jin, Wei and Orso, Alessandro},
        year = {2012},
        pages = {474--484}
}

@inproceedings{christakis_guiding_2016,
        title = {Guiding dynamic symbolic execution toward unverified program executions},
        booktitle = {Proceedings of the 38th {International} {Conference} on {Software} {Engineering}},
        publisher = {ACM},
        author = {Christakis, Maria and Müller, Peter and Wüstholz, Valentin},
        year = {2016},
        pages = {144--155}
} 

@inproceedings{xu_directed_2010,
        title = {Directed test suite augmentation: techniques and tradeoffs},
        shorttitle = {Directed test suite augmentation},
        booktitle = {Proceedings of the eighteenth {ACM} {SIGSOFT} international symposium on {Foundations} of software engineering},
        publisher = {ACM},
        author = {Xu, Zhihong and Kim, Yunho and Kim, Moonzoo and Rothermel, Gregg and Cohen, Myra B.},
        year = {2010},
        pages = {257--266},
        file = {Snapshot:/home/mqk/Zotero/storage/RURQ3A4Q/citation.html:text/html}
}

@article{miller_empirical_1990,
        title = {An empirical study of the reliability of {UNIX} utilities},
        volume = {33},
        number = {12},
        journal = {Communications of the ACM},
        author = {Miller, Barton P. and Fredriksen, Louis and So, Bryan},
        year = {1990},
        pages = {32--44}
}

@inproceedings{bohme_partition-based_2013,
        title = {Partition-based regression verification},
        booktitle = {Proceedings of the 2013 {International} {Conference} on {Software} {Engineering}},
        publisher = {IEEE Press},
        author = {Böhme, Marcel and Oliveira, Bruno C. d S. and Roychoudhury, Abhik},
        year = {2013}, 
        pages = {302--311},
        file = {Snapshot:/home/mqk/Zotero/storage/US9T5Y7I/citation.html:text/html}
}  

@article{chipounov_s2e:_2011,
        title = {S2E: {A} platform for in-vivo multi-path analysis of software systems},
        volume = {46},
        shorttitle = {S2E},
        number = {3},
        journal = {ACM SIGPLAN Notices},
        author = {Chipounov, Vitaly and Kuznetsov, Volodymyr and Candea, George},
        year = {2011},
        pages = {265--278}
}

@misc{noauthor_llvm_nodate,
        title = {The {LLVM} {Compiler} {Infrastructure} {Project}},
        url = {https://llvm.org/},
        urldate = {2017-12-21},
        file = {The LLVM Compiler Infrastructure Project:/home/mqk/Zotero/storage/L3WDA5GH/llvm.org.html:text/html}
}   

@article{cadar_exe:_2008,
        title = {{EXE}: automatically generating inputs of death},
        volume = {12},
        shorttitle = {{EXE}},
        number = {2},
        journal = {ACM Transactions on Information and System Security (TISSEC)},
        author = {Cadar, Cristian and Ganesh, Vijay and Pawlowski, Peter M. and Dill, David L. and Engler, Dawson R.},
        year = {2008},
        pages = {10}
}

@inproceedings{sen_cute_2006,
        title = {{CUTE} and {jCUTE}: {Concolic} unit testing and explicit path model-checking tools},
        volume = {6},
        shorttitle = {{CUTE} and {jCUTE}},
        booktitle = {{CAV}},
        publisher = {Springer},
        author = {Sen, Koushik and Agha, Gul},
        year = {2006},
        pages = {419--423}
}

@inproceedings{martin_finding_2005,
        title = {Finding application errors and security flaws using {PQL}: a program query language},
        volume = {40},
        shorttitle = {Finding application errors and security flaws using {PQL}},
        booktitle = {{ACM} {SIGPLAN} {Notices}},
        publisher = {ACM}, 
        author = {Martin, Michael and Livshits, Benjamin and Lam, Monica S.},
        year = {2005},
        pages = {365--383}
}

@article{andraus_cegar-based_2007,
        title = {{CEGAR}-based formal hardware verification: {A} case study},
        volume = {1001},
        shorttitle = {{CEGAR}-based formal hardware verification},
        journal = {Ann Arbor},
        author = {Andraus, Zaher S. and Liffiton, Mark H. and Sakallah, Karem A.},
        year = {2007},
        pages = {48109--2122}
}

@article{beyer_software_2007,
        title = {The software model checker {Blast}},
        volume = {9},
        number = {5-6},
        journal = {International Journal on Software Tools for Technology Transfer},
        author = {Beyer, Dirk and Henzinger, Thomas A. and Jhala, Ranjit and Majumdar, Rupak},
        year = {2007},
        pages = {505--525}
}

@misc{noauthor_cbmc_nodate,
        title = {The {CBMC} {Homepage}},
        url = {http://www.cprover.org/cbmc/},
        urldate = {2017-12-21},
        file = {The CBMC Homepage:/home/mqk/Zotero/storage/TCVFZJBF/cbmc.html:text/html}
}

@misc{noauthor_spin_nodate,
        title = {Spin - {Formal} {Verification}},
        url = {http://spinroot.com/spin/whatispin.html},
        urldate = {2017-12-21},
        file = {Spin - Formal Verification:/home/mqk/Zotero/storage/Q7Y78UT6/whatispin.html:text/html}
}

@misc{noauthor_slam_nodate,
        title = {{SLAM}},
        url = {https://www.microsoft.com/en-us/research/project/slam/},
        abstract = {SLAM is a project for checking that software satisfies critical behavioral properties of the interfaces it uses and to aid software engineers in designing interfaces and software that ensure reliable and correct functioning. Static Driver Verifier is a tool in the Windows Driver Development Kit that uses the SLAM verification engine. “Things like even software …},
        urldate = {2017-12-21},
        journal = {Microsoft Research},
        file = {Snapshot:/home/mqk/Zotero/storage/DA4YL4VH/slam.html:text/html}
} 

@inproceedings{holzmann_static_2002,
        title = {Static source code checking for user-defined properties},
        volume = {2},
        booktitle = {Proc. {IDPT}}, 
        author = {Holzmann, Gerard J.},
        year = {2002},
        file = {Fulltext:/home/mqk/Zotero/storage/6E4XWGDN/Holzmann - 2002 - Static source code checking for user-defined prope.pdf:application/pdf;Snapshot:/home/mqk/Zotero/storage/RBBI23FX/Holzmann - 2002 - Static source code checking for user-defined prope.pdf:application/pdf}
}   

@inproceedings{chen_mops:_2002,
        title = {{MOPS}: an infrastructure for examining security properties of software},
        shorttitle = {{MOPS}},
        booktitle = {Proceedings of the 9th {ACM} conference on {Computer} and communications security},
        publisher = {ACM}, 
        author = {Chen, Hao and Wagner, David},
        year = {2002}, 
        pages = {235--244},
        file = {Fulltext:/home/mqk/Zotero/storage/UAFN7Y7A/Chen and Wagner - 2002 - MOPS an infrastructure for examining security pro.pdf:application/pdf;Snapshot:/home/mqk/Zotero/storage/V5WMUVLX/citation.html:text/html}
}

@inproceedings{das_esp:_2002,
        title = {{ESP}: {Path}-sensitive program verification in polynomial time},
        volume = {37},
        shorttitle = {{ESP}},
        booktitle = {{ACM} {Sigplan} {Notices}},
        publisher = {ACM},
        author = {Das, Manuvir and Lerner, Sorin and Seigle, Mark},
        year = {2002},
        pages = {57--68},
        file = {Snapshot:/home/mqk/Zotero/storage/9XLVBMV4/citation.html:text/html}
}

@article{bush_static_2000,
        title = {A static analyzer for finding dynamic programming errors},
        volume = {30},
        number = {7},
        journal = {Software-practice and Experience},
        author = {Bush, William R. and Pincus, Jonathan D. and Sielaff, David J.},
        year = {2000},
        pages = {775--802},
        file = {Fulltext:/home/mqk/Zotero/storage/BRCCYPBY/Bush et al. - 2000 - A static analyzer for finding dynamic programming .pdf:application/pdf;Snapshot:/home/mqk/Zotero/storage/UWFM29C5/Bush et al. - 2000 - A static analyzer for finding dynamic programming .pdf:application/pdf}
}

@article{king_symbolic_1976,
        title = {Symbolic execution and program testing},
        volume = {19},
        number = {7},
        journal = {Communications of the ACM},
        author = {King, James C.},
        year = {1976},
        pages = {385--394},
        file = {Fulltext:/home/mqk/Zotero/storage/BLECBYCA/King - 1976 - Symbolic execution and program testing.pdf:application/pdf;Snapshot:/home/mqk/Zotero/storage/8J6VPY54/citation.html:text/html}
}

@misc{noauthor_boon_nodate,
        title = {{BOON}},
        url = {http://people.eecs.berkeley.edu/~daw/boon/},
        urldate = {2017-12-21},
        file = {BOON:/home/mqk/Zotero/storage/4ERZAE3D/boon.html:text/html}
} 

@inproceedings{delmas_towards_2009,
        title = {Towards an industrial use of {FLUCTUAT} on safety-critical avionics software},
        booktitle = {International {Workshop} on {Formal} {Methods} for {Industrial} {Critical} {Systems}},
        publisher = {Springer},
        author = {Delmas, David and Goubault, Eric and Putot, Sylvie and Souyris, Jean and Tekkal, Karim and Védrine, Franck},
        year = {2009},
        pages = {53--69},
        file = {Fulltext:/home/mqk/Zotero/storage/JGWXQNE9/Delmas et al. - 2009 - Towards an industrial use of FLUCTUAT on safety-cr.pdf:application/pdf;Snapshot:/home/mqk/Zotero/storage/X943QN3Q/978-3-642-04570-7_6.html:text/html}
}

@article{almossawi_analysis_2006,
        title = {Analysis tool evaluation: {Coverity} prevent},
        shorttitle = {Analysis tool evaluation},
        journal = {Pittsburgh, PA: Carnegie Mellon University},
        author = {Almossawi, Ali and Lim, Kelvin and Sinha, Tanmay},
        year = {2006},
        file = {Fulltext:/home/mqk/Zotero/storage/S3U6IB44/Almossawi et al. - 2006 - Analysis tool evaluation Coverity prevent.pdf:application/pdf;Snapshot:/home/mqk/Zotero/storage/FR5A8YCI/Almossawi et al. - 2006 - Analysis tool evaluation Coverity prevent.pdf:application/pdf}
}

@inproceedings{cousot_astree_2007,
        title = {The astrée static analysis tool},
        booktitle = {{ES} {PASS} {Workshop}, {Berlin}, {Germany}},
        author = {Cousot, Patrick},
        year = {2007},
        pages = {16--17}
}

@inproceedings{dor_cssv:_2003,
        title = {{CSSV}: {Towards} a realistic tool for statically detecting all buffer overflows in {C}},
        volume = {38},
        shorttitle = {{CSSV}},
        booktitle = {{ACM} {Sigplan} {Notices}},
        publisher = {ACM},
        author = {Dor, Nurit and Rodeh, Michael and Sagiv, Mooly},
        year = {2003},
        pages = {155--167}
}

@article{leino_esc/java_2000,
        title = {{ESC}/{Java} user's manual},
        volume = {2000},
        journal = {ESC},
        author = {Leino, K. Rustan M. and Nelson, Greg and Saxe, James B.},
        year = {2000},
        pages = {002},
        file = {Fulltext:/home/mqk/Zotero/storage/TMQ6WVLN/manual.html:text/html;Snapshot:/home/mqk/Zotero/storage/DUPPNS6D/manual.html:text/html}
}

@misc{noauthor_its4_nodate,
        title = {{ITS}4},
        url = {http://seclab.cs.ucdavis.edu/projects/testing/tools/its4.html},
        urldate = {2017-12-21},
        file = {ITS4:/home/mqk/Zotero/storage/EJCN5KJL/its4.html:text/html}
}

@misc{wnoauthor_cern_nodate,
        title = {{CERN} {Computer} {Security} {Information}},
        url = {https://security.web.cern.ch/security/recommendations/en/codetools/rats.shtml},
        urldate = {2017-12-21},
        file = {CERN Computer Security Information:/home/mqk/Zotero/storage/QE3R93QT/rats.html:text/html}
}


@misc{noauthor_a2ps_nodate,
        title = {a2ps - {GNU} {Project} - {Free} {Software} {Foundation} ({FSF})},
        url = {https://www.gnu.org/software/a2ps/#TOCdownloading},
        urldate = {2017-12-20},
        file = {a2ps - GNU Project - Free Software Foundation (FSF):/home/mqk/Zotero/storage/QXKAHGR9/a2ps.html:text/html}
}

@inproceedings{gascon_structural_2013,
        title = {Structural detection of android malware using embedded call graphs},
        booktitle = {Proceedings of the 2013 {ACM} workshop on {Artificial} intelligence and security},
        publisher = {ACM},
        author = {Gascon, Hugo and Yamaguchi, Fabian and Arp, Daniel and Rieck, Konrad},
        year = {2013},
        pages = {45--54},
        file = {Snapshot:/home/mqk/Zotero/storage/MYSJA2PQ/citation.html:text/html}
}

@inproceedings{baxter_clone_1998,
        title = {Clone detection using abstract syntax trees},
        booktitle = {Software {Maintenance}, 1998. {Proceedings}., {International} {Conference} on},
        publisher = {IEEE},
        author = {Baxter, Ira D. and Yahin, Andrew and Moura, Leonardo and Sant'Anna, Marcelo and Bier, Lorraine},
        year = {1998},
        pages = {368--377},
        file = {Fulltext:/home/mqk/Zotero/storage/RX4WX957/Baxter et al. - 1998 - Clone detection using abstract syntax trees.pdf:application/pdf;Snapshot:/home/mqk/Zotero/storage/IGT9H29C/738528.html:text/html}
}

@book{aho_compilers:_2007,
        title = {Compilers: principles, techniques, and tools},
        volume = {2},
        shorttitle = {Compilers},
        publisher = {Addison-wesley Reading},
        author = {Aho, Alfred V. and Sethi, Ravi and Ullman, Jeffrey D.},
        year = {2007},
        file = {Fulltext:/home/mqk/Zotero/storage/46NFGXNV/Aho et al. - 2007 - Compilers principles, techniques, and tools.pdf:application/pdf;Snapshot:/home/mqk/Zotero/storage/ZBCXJJ6X/Aho et al. - 2007 - Compilers principles, techniques, and tools.pdf:application/pdf}
}

@inproceedings{cadar_klee:_2008,
        title = {{KLEE}: {Unassisted} and {Automatic} {Generation} of {High}-{Coverage} {Tests} for {Complex} {Systems} {Programs}.},
        volume = {8},
        shorttitle = {{KLEE}},
        booktitle = {{OSDI}},
        author = {Cadar, Cristian and Dunbar, Daniel and Engler, Dawson R.},
        year = {2008},
        pages = {209--224},
        file = {Fulltext:/home/mqk/Zotero/storage/T8ETS3GB/paper.html:text/html;Snapshot:/home/mqk/Zotero/storage/93K56KNH/paper.html:text/html}
}

@inproceedings{molnar_dynamic_2009,
        title = {Dynamic {Test} {Generation} to {Find} {Integer} {Bugs} in x86 {Binary} {Linux} {Programs}.},
        volume = {9},
        booktitle = {{USENIX} {Security} {Symposium}},
        author = {Molnar, David and Li, Xue Cong and Wagner, David},
        year = {2009},
        pages = {67--82},
        file = {Fulltext:/home/mqk/Zotero/storage/BSXJSNV4/Molnar et al. - 2009 - Dynamic Test Generation to Find Integer Bugs in x8.pdf:application/pdf;Snapshot:/home/mqk/Zotero/storage/JECAFTDR/Molnar et al. - 2009 - Dynamic Test Generation to Find Integer Bugs in x8.pdf:application/pdf}
}

@phdthesis{hunter__2010,
        title = {基于动态测试用例生成的二进制软件缺陷自动发掘技术研究 [{D}]},
        school = {长沙: 国防科学技术大学},
        author = {{李根}},
        year = {2010},
        file = {Snapshot:/home/mqk/Zotero/storage/URLQAA3V/CDMD-90002-2010271169.html:text/html}
}

@article{godefroid_sage:_2012,
        title = {{SAGE}: whitebox fuzzing for security testing},
        volume = {10},
        shorttitle = {{SAGE}},
        etumber = {1},
        journal = {Queue},
        author = {Godefroid, Patrice and Levin, Michael Y. and Molnar, David},
        year = {2012},
        pages = {20},
        file = {Fulltext:/home/mqk/Zotero/storage/DSA694QI/Godefroid et al. - 2012 - SAGE whitebox fuzzing for security testing.pdf:application/pdf;Snapshot:/home/mqk/Zotero/storage/ZBSIZJA2/citation.html:text/html}
}

@inproceedings{godefroid_dart:_2005,
        title = {{DART}: directed automated random testing},
        volume = {40},
        shorttitle = {{DART}},
        booktitle = {{ACM} {Sigplan} {Notices}},
        publisher = {ACM},
        author = {Godefroid, Patrice and Klarlund, Nils and Sen, Koushik},
        year = {2005},
        pages = {213--223},
        file = {Fulltext:/home/mqk/Zotero/storage/MIS3K8K7/Godefroid et al. - 2005 - DART directed automated random testing.pdf:application/pdf;Snapshot:/home/mqk/Zotero/storage/LFA7WYM8/citation.html:text/html}
}

@inproceedings{yamaguchi_generalized_2012,
	title = {Generalized vulnerability extrapolation using abstract syntax trees},
	booktitle = {Proceedings of the 28th {Annual} {Computer} {Security} {Applications} {Conference}},
	publisher = {ACM},
	author = {Yamaguchi, Fabian and Lottmann, Markus and Rieck, Konrad},
	year = {2012},
	pages = {359--368},
	file = {Snapshot:/home/mqk/Zotero/storage/YFDF38J3/citation.html:text/html}
}

@inproceedings{yamaguchi_chucky:_2013,
	title = {Chucky: {Exposing} missing checks in source code for vulnerability discovery},
	shorttitle = {Chucky},
	booktitle = {Proceedings of the 2013 {ACM} {SIGSAC} conference on {Computer} \& communications security},
	publisher = {ACM},
	author = {Yamaguchi, Fabian and Wressnegger, Christian and Gascon, Hugo and Rieck, Konrad},
	year = {2013},
	pages = {499--510},
	file = {Fulltext:/home/mqk/Zotero/storage/8BNAQJGT/Yamaguchi et al. - 2013 - Chucky Exposing missing checks in source code for.pdf:application/pdf;Snapshot:/home/mqk/Zotero/storage/9MYVDC3R/citation.html:text/html}
}

@inproceedings{grieco_toward_2016,
	title = {Toward large-scale vulnerability discovery using {Machine} {Learning}},
	booktitle = {Proceedings of the {Sixth} {ACM} {Conference} on {Data} and {Application} {Security} and {Privacy}},
	publisher = {ACM},
	author = {Grieco, Gustavo and Grinblat, Guillermo Luis and Uzal, Lucas and Rawat, Sanjay and Feist, Josselin and Mounier, Laurent},
	year = {2016},
	pages = {85--96},
	file = {Fulltext:/home/mqk/Zotero/storage/QKWDJB6M/Grieco et al. - 2016 - Toward large-scale vulnerability discovery using M.pdf:application/pdf;Snapshot:/home/mqk/Zotero/storage/S47UMMTM/citation.html:text/html}
}

@inproceedings{perl_vccfinder:_2015,
	title = {Vccfinder: {Finding} potential vulnerabilities in open-source projects to assist code audits},
	shorttitle = {Vccfinder},
	booktitle = {Proceedings of the 22nd {ACM} {SIGSAC} {Conference} on {Computer} and {Communications} {Security}},
	publisher = {ACM},
	author = {Perl, Henning and Dechand, Sergej and Smith, Matthew and Arp, Daniel and Yamaguchi, Fabian and Rieck, Konrad and Fahl, Sascha and Acar, Yasemin},
	year = {2015},
	pages = {426--437},
	file = {Fulltext:/home/mqk/Zotero/storage/59LSUNVJ/Perl et al. - 2015 - Vccfinder Finding potential vulnerabilities in op.pdf:application/pdf;Snapshot:/home/mqk/Zotero/storage/5K2NS5RD/citation.html:text/html}
}

@inproceedings{zimmermann_searching_2010,
	title = {Searching for a needle in a haystack: {Predicting} security vulnerabilities for windows vista},
	shorttitle = {Searching for a needle in a haystack},
	booktitle = {Software {Testing}, {Verification} and {Validation} ({ICST}), 2010 {Third} {International} {Conference} on},
	publisher = {IEEE},
	author = {Zimmermann, Thomas and Nagappan, Nachiappan and Williams, Laurie},
	year = {2010},
	pages = {421--428},
	file = {Fulltext:/home/mqk/Zotero/storage/52SNDU93/Zimmermann et al. - 2010 - Searching for a needle in a haystack Predicting s.pdf:application/pdf;Snapshot:/home/mqk/Zotero/storage/PGVZTAX8/5477059.html:text/html}
}

@inproceedings{neuhaus_predicting_2007,
	title = {Predicting vulnerable software components},
	booktitle = {Proceedings of the 14th {ACM} conference on {Computer} and communications security},
	publisher = {ACM},
	author = {Neuhaus, Stephan and Zimmermann, Thomas and Holler, Christian and Zeller, Andreas},
	year = {2007},
	pages = {529--540},
	file = {Snapshot:/home/mqk/Zotero/storage/VWFT27NA/citation.html:text/html}
}

@article{padmanabhuni_auditing_2016,
	title = {Auditing buffer overflow vulnerabilities using hybrid static–dynamic analysis},
	volume = {10},
	number = {2},
	journal = {IET Software},
	author = {Padmanabhuni, Bindu Madhavi and Tan, Hee Beng Kuan},
	year = {2016},
	pages = {54--61}
}

@inproceedings{peng_new_2011,
	title = {A new approach for session-based test case generation by {GA}},
	booktitle = {Communication {Software} and {Networks} ({ICCSN}), 2011 {IEEE} 3rd {International} {Conference} on},
	publisher = {IEEE},
	author = {Peng, Xuan and Lu, Lu},
	year = {2011},
	pages = {91--96},
	file = {Snapshot:/home/mqk/Zotero/storage/TFP5MI7M/6014682.html:text/html}
}

@article{patton_genetic_2003,
	title = {A genetic algorithm approach to focused software usage testing},
	journal = {Software Engineering with Computational Intelligence},
	author = {Patton, Robert M. and Wu, Annie S. and Walton, Gwendolyn H.},
	year = {2003},
	pages = {259--286}
}

@inproceedings{you_genetic_2012,
	title = {A genetic algorithm for the time-aware regression testing reduction problem},
	booktitle = {Natural {Computation} ({ICNC}), 2012 {Eighth} {International} {Conference} on},
	publisher = {IEEE},
	author = {You, Liang and Lu, YanSheng},
	year = {2012},
	pages = {596--599},
	file = {Snapshot:/home/mqk/Zotero/storage/E8X65DDE/6234754.html:text/html}
}

@article{doungsa-ard_automatic_2007,
	title = {An automatic test data generation from {UML} state diagram using genetic algorithm.},
	author = {Doungsa-ard, Chartchai and Dahal, Keshav P. and Hossain, M. Alamgir and Suwannasart, Taratip},
	year = {2007},
	file = {Fulltext:/home/mqk/Zotero/storage/F44YMFSH/Doungsa-ard et al. - 2007 - An automatic test data generation from UML state d.pdf:application/pdf;Snapshot:/home/mqk/Zotero/storage/N3AD3XE9/2492.html:text/html}
}

@inproceedings{sabharwal_prioritization_2010,
	title = {Prioritization of test case scenarios derived from activity diagram using genetic algorithm},
	booktitle = {Computer and {Communication} {Technology} ({ICCCT}), 2010 {International} {Conference} on},
	publisher = {IEEE},
	author = {Sabharwal, Sangeeta and Sibal, Ritu and Sharma, Chayanika},
	year = {2010},
	pages = {481--485},
	file = {Snapshot:/home/mqk/Zotero/storage/QVCEGR9P/5640479.html:text/html}
}

@article{sharma_applying_2014,
	title = {Applying genetic algorithm for prioritization of test case scenarios derived from {UML} diagrams},
	journal = {arXiv preprint arXiv:1410.4838},
	author = {Sharma, Chayanika and Sabharwal, Sangeeta and Sibal, Ritu},
	year = {2014},
	file = {Snapshot:/home/mqk/Zotero/storage/MYW6B7EM/1410.html:text/html}
}

@article{ma_directed_2011,
	title = {Directed symbolic execution},
	journal = {Static Analysis},
	author = {Ma, Kin-Keung and Yit Phang, Khoo and Foster, Jeffrey and Hicks, Michael},
	year = {2011},
	pages = {95--111},
	file = {Fulltext:/home/mqk/Zotero/storage/VHFBIXTX/Ma et al. - 2011 - Directed symbolic execution.pdf:application/pdf}
}

@misc{noauthor_zzuf_nodate,
	title = {zzuf – {Caca} {Labs}},
	url = {http://caca.zoy.org/wiki/zzuf},
	urldate = {2017-12-13},
	file = {zzuf – Caca Labs:/home/mqk/Zotero/storage/7UUFFIAU/zzuf.html:text/html}
}

@inproceedings{bohme_coverage-based_2016,
	title = {Coverage-based greybox fuzzing as markov chain},
	booktitle = {Proceedings of the 2016 {ACM} {SIGSAC} {Conference} on {Computer} and {Communications} {Security}},
	publisher = {ACM},
	author = {Böhme, Marcel and Pham, Van-Thuan and Roychoudhury, Abhik},
	year = {2016},
	pages = {1032--1043},
	file = {Fulltext:/home/mqk/Zotero/storage/YYCNMZUE/Böhme et al. - 2016 - Coverage-based greybox fuzzing as markov chain.pdf:application/pdf;Snapshot:/home/mqk/Zotero/storage/X5CDUU63/citation.html:text/html}
}

@inproceedings{rawat_vuzzer:_2017,
	title = {Vuzzer: {Application}-aware evolutionary fuzzing},
	shorttitle = {Vuzzer},
	booktitle = {Proceedings of the {Network} and {Distributed} {System} {Security} {Symposium} ({NDSS})},
	author = {Rawat, Sanjay and Jain, Vivek and Kumar, Ashish and Cojocar, Lucian and Giuffrida, Cristiano and Bos, Herbert},
	year = {2017},
	file = {Fulltext:/home/mqk/Zotero/storage/V6MPKTFL/Rawat et al. - 2017 - Vuzzer Application-aware evolutionary fuzzing.pdf:application/pdf;Snapshot:/home/mqk/Zotero/storage/N6RGCQHT/Rawat et al. - 2017 - Vuzzer Application-aware evolutionary fuzzing.pdf:application/pdf}
}

@inproceedings{sparks_automated_2007,
	title = {Automated vulnerability analysis: {Leveraging} control flow for evolutionary input crafting},
	shorttitle = {Automated vulnerability analysis},
	booktitle = {Computer {Security} {Applications} {Conference}, 2007. {ACSAC} 2007. {Twenty}-{Third} {Annual}},
	publisher = {IEEE},
	author = {Sparks, Sherri and Embleton, Shawn and Cunningham, Ryan and Zou, Cliff},
	year = {2007},
	pages = {477--486},
	file = {Fulltext:/home/mqk/Zotero/storage/87NQ5ZRN/Sparks et al. - 2007 - Automated vulnerability analysis Leveraging contr.pdf:application/pdf;Snapshot:/home/mqk/Zotero/storage/D4R8DT9Q/4413013.html:text/html}
}

@misc{noauthor_libfuzzer_nodate,
	title = {{libFuzzer} – a library for coverage-guided fuzz testing. — {LLVM} 6 documentation},
	url = {https://llvm.org/docs/LibFuzzer.html},
	urldate = {2017-12-13},
	file = {libFuzzer – a library for coverage-guided fuzz testing. — LLVM 6 documentation:/home/mqk/Zotero/storage/FHYCPNNH/LibFuzzer.html:text/html}
}

@misc{noauthor_peach_nodate,
	title = {Peach {Platform}},
	url = {https://www.peach.tech/products/peach-fuzzer/peach-platform/},
	urldate = {2017-12-13},
	journal = {Peach Tech},
	file = {Snapshot:/home/mqk/Zotero/storage/CH2E8FPF/peach-platform.html:text/html}
}

@misc{noauthor_immunity_nodate,
	title = {Immunity {Inc}. {\textbar} {Knowing} {You}'re {Secure}},
	url = {http://www.immunitysec.com/},
	urldate = {2017-12-13},
	file = {Immunity Inc. | Knowing You're Secure:/home/mqk/Zotero/storage/V3T7JXQ6/www.immunitysec.com.html:text/html}
}

@misc{noauthor_zzuf_nodate,
	title = {zzuf – {Caca} {Labs}},
	url = {http://caca.zoy.org/wiki/zzuf},
	urldate = {2017-12-13},
	file = {zzuf – Caca Labs:/home/mqk/Zotero/storage/7UUFFIAU/zzuf.html:text/html}
}

@article{miller_empirical_1990,
	title = {An empirical study of the reliability of {UNIX} utilities},
	volume = {33},
	number = {12},
	journal = {Communications of the ACM},
	author = {Miller, Barton P. and Fredriksen, Louis and So, Bryan},
	year = {1990},
	pages = {32--44}
}

@article{williams_unfortunate_2012,
	title = {The unfortunate reality of insecure libraries},
	journal = {Asp. Secur. Inc},
	author = {Williams, Jeff and Dabirsiaghi, Arshan},
	year = {2012},
	pages = {1--26}
}

@misc{noauthor_78_nodate,
	title = {78\% of {Companies} {Run} on {Open} {Source} {Yet} {Lack} {Formal} {Policies}},
	url = {https://www.blackducksoftware.com/de/node/1011},
	abstract = {North Bridge and Black Duck Software announce ninth annual Future of Open Source survey results, revealing trends in corporate OSS use},
	urldate = {2017-12-12},
	journal = {Black Duck Software}
}

@article{kingma_adam:_2014,
	title = {Adam: {A} method for stochastic optimization},
	shorttitle = {Adam},
	journal = {arXiv preprint arXiv:1412.6980},
	author = {Kingma, Diederik and Ba, Jimmy},
	year = {2014},
	file = {Snapshot:/home/mqk/Zotero/storage/FHGPIXN3/1412.html:text/html}
}

@article{abadi_tensorflow:_2016,
	title = {Tensorflow: {Large}-scale machine learning on heterogeneous distributed systems},
	shorttitle = {Tensorflow},
	journal = {arXiv preprint arXiv:1603.04467},
	author = {Abadi, Martín and Agarwal, Ashish and Barham, Paul and Brevdo, Eugene and Chen, Zhifeng and Citro, Craig and Corrado, Greg S. and Davis, Andy and Dean, Jeffrey and Devin, Matthieu},
	year = {2016}
}

@misc{chollet_keras:_2017,
	title = {keras: {Deep} {Learning} library for {Python}. {Runs} on {TensorFlow}, {Theano}, or {CNTK}},
	shorttitle = {keras},
	url = {https://github.com/fchollet/keras},
	urldate = {2017-12-03},
	author = {Chollet, François},
	month = dec,
	year = {2017},
	note = {original-date: 2015-03-28T00:35:42Z},
	keywords = {data-science, deep-learning, machine-learning, neural-networks, python, tensorflow}
}

@misc{noauthor_gnu.org_nodate,
	title = {gnu.org},
	url = {https://www.gnu.org/software/binutils/},
	urldate = {2017-12-02},
	file = {Snapshot:/home/mqk/Zotero/storage/NJG6EQ75/binutils.html:text/html}
}

@misc{noauthor_xml_nodate,
	title = {The {XML} {C} parser and toolkit of {Gnome}},
	url = {http://www.xmlsoft.org/},
	urldate = {2017-12-02},
	file = {The XML C parser and toolkit of Gnome:/home/mqk/Zotero/storage/GFPFTI2D/www.xmlsoft.org.html:text/html}
}

@article{kirkpatrick_optimization_1983,
	title = {Optimization by simulated annealing},
	volume = {220},
	number = {4598},
	journal = {science},
	author = {Kirkpatrick, Scott and Gelatt, C. Daniel and Vecchi, Mario P.},
	year = {1983},
	pages = {671--680},
	file = {Fulltext:/home/mqk/Zotero/storage/I5ZXHVA5/Kirkpatrick et al. - 1983 - Optimization by simulated annealing.pdf:application/pdf;Snapshot:/home/mqk/Zotero/storage/D5AH7GH7/Kirkpatrick et al. - 1983 - Optimization by simulated annealing.pdf:application/pdf}
}

@article{cho_learning_2014,
	title = {Learning phrase representations using {RNN} encoder-decoder for statistical machine translation},
	journal = {arXiv preprint arXiv:1406.1078},
	author = {Cho, Kyunghyun and Van Merriënboer, Bart and Gulcehre, Caglar and Bahdanau, Dzmitry and Bougares, Fethi and Schwenk, Holger and Bengio, Yoshua},
	year = {2014},
	file = {Fulltext:/home/mqk/Zotero/storage/E5D2TQX8/Cho et al. - 2014 - Learning phrase representations using RNN encoder-.pdf:application/pdf;Snapshot:/home/mqk/Zotero/storage/KL6I6NTP/1406.html:text/html}
}

@article{bahdanau_neural_2014,
	title = {Neural machine translation by jointly learning to align and translate},
	journal = {arXiv preprint arXiv:1409.0473},
	author = {Bahdanau, Dzmitry and Cho, Kyunghyun and Bengio, Yoshua},
	year = {2014},
	file = {Fulltext:/home/mqk/Zotero/storage/KMTZB6S6/Bahdanau et al. - 2014 - Neural machine translation by jointly learning to .pdf:application/pdf;Snapshot:/home/mqk/Zotero/storage/NBTATQZM/1409.html:text/html}
}

@article{rodriguez_recurrent_1999,
	title = {A recurrent neural network that learns to count},
	volume = {11},
	number = {1},
	journal = {Connection Science},
	author = {Rodriguez, Paul and Wiles, Janet and Elman, Jeffrey L.},
	year = {1999},
	pages = {5--40}
}

@inproceedings{bohme_directed_2017,
	title = {Directed greybox fuzzing},
	booktitle = {Proceedings of the 2017 {ACM} {SIGSAC} {Conference} on {Computer} and {Communications} {Security} ({CCS}’17)},
	author = {Böhme, Marcel and Pham, Van-Thuan and Nguyen, Manh-Dung and Roychoudhury, Abhik},
	year = {2017},
	file = {Fulltext:/home/mqk/Zotero/storage/44H5YL6R/Böhme et al. - 2017 - Directed greybox fuzzing.pdf:application/pdf;Snapshot:/home/mqk/Zotero/storage/9IXXSPM6/Böhme et al. - 2017 - Directed greybox fuzzing.pdf:application/pdf}
}

@misc{noauthor_american_nodate,
	title = {american fuzzy lop},
	url = {http://lcamtuf.coredump.cx/afl/},
	urldate = {2017-11-23},
	file = {american fuzzy lop:/home/mqk/Zotero/storage/JZCLGNH5/afl.html:text/html}
}

@article{baldoni_survey_2016,
	title = {A survey of symbolic execution techniques},
	journal = {arXiv preprint arXiv:1610.00502},
	author = {Baldoni, Roberto and Coppa, Emilio and D'Elia, Daniele Cono and Demetrescu, Camil and Finocchi, Irene},
	year = {2016},
	file = {Fulltext:/home/mqk/Zotero/storage/BKLBPX3I/Baldoni et al. - 2016 - A survey of symbolic execution techniques.pdf:application/pdf;Snapshot:/home/mqk/Zotero/storage/C7WZJI7G/1610.html:text/html}
}

@inproceedings{bohme_regression_2013,
	title = {Regression tests to expose change interaction errors},
	booktitle = {Proceedings of the 2013 9th {Joint} {Meeting} on {Foundations} of {Software} {Engineering}},
	publisher = {ACM},
	author = {Böhme, Marcel and Oliveira, Bruno C. d S. and Roychoudhury, Abhik},
	year = {2013},
	pages = {334--344},
	file = {Snapshot:/home/mqk/Zotero/storage/YL8VLBM3/citation.html:text/html}
}

@inproceedings{christakis_guiding_2016,
	title = {Guiding dynamic symbolic execution toward unverified program executions},
	booktitle = {Proceedings of the 38th {International} {Conference} on {Software} {Engineering}},
	publisher = {ACM},
	author = {Christakis, Maria and Müller, Peter and Wüstholz, Valentin},
	year = {2016},
	pages = {144--155},
	file = {Fulltext:/home/mqk/Zotero/storage/3C4ZLGJG/Christakis et al. - 2016 - Guiding dynamic symbolic execution toward unverifi.pdf:application/pdf;Snapshot:/home/mqk/Zotero/storage/PSVZ4D4N/citation.html:text/html}
}

@inproceedings{haller_dowsing_2013,
	title = {Dowsing for {Overflows}: {A} {Guided} {Fuzzer} to {Find} {Buffer} {Boundary} {Violations}.},
	shorttitle = {Dowsing for {Overflows}},
	booktitle = {{USENIX} {Security} {Symposium}},
	author = {Haller, Istvan and Slowinska, Asia and Neugschwandtner, Matthias and Bos, Herbert},
	year = {2013},
	pages = {49--64},
	file = {Snapshot:/home/mqk/Zotero/storage/UPV3ZUMJ/Haller et al. - 2013 - Dowsing for Overflows A Guided Fuzzer to Find Buf.pdf:application/pdf}
}

@article{ma_directed_2011,
	title = {Directed symbolic execution},
	journal = {Static Analysis},
	author = {Ma, Kin-Keung and Yit Phang, Khoo and Foster, Jeffrey and Hicks, Michael},
	year = {2011},
	pages = {95--111},
	file = {Fulltext:/home/mqk/Zotero/storage/F6WUB624/Ma et al. - 2011 - Directed symbolic execution.pdf:application/pdf}
}

@inproceedings{marinescu_katch:_2013,
	title = {{KATCH}: high-coverage testing of software patches},
	shorttitle = {{KATCH}},
	booktitle = {Proceedings of the 2013 9th {Joint} {Meeting} on {Foundations} of {Software} {Engineering}},
	publisher = {ACM},
	author = {Marinescu, Paul Dan and Cadar, Cristian},
	year = {2013},
	pages = {235--245},
	file = {Fulltext:/home/mqk/Zotero/storage/QS96MZG2/Marinescu and Cadar - 2013 - KATCH high-coverage testing of software patches.pdf:application/pdf;Snapshot:/home/mqk/Zotero/storage/JICZYGF9/citation.html:text/html}
}

@inproceedings{person_directed_2011,
	title = {Directed incremental symbolic execution},
	volume = {46},
	booktitle = {{ACM} {SIGPLAN} {Notices}},
	publisher = {ACM},
	author = {Person, Suzette and Yang, Guowei and Rungta, Neha and Khurshid, Sarfraz},
	year = {2011},
	pages = {504--515},
	file = {Fulltext:/home/mqk/Zotero/storage/DGE4GH7G/Person et al. - 2011 - Directed incremental symbolic execution.pdf:application/pdf;Snapshot:/home/mqk/Zotero/storage/2NBQ84F6/citation.html:text/html}
}

@inproceedings{santelices_test-suite_2008,
	title = {Test-suite augmentation for evolving software},
	booktitle = {Proceedings of the 2008 23rd {IEEE}/{ACM} {International} {Conference} on {Automated} {Software} {Engineering}},
	publisher = {IEEE Computer Society},
	author = {Santelices, Raul and Chittimalli, Pavan Kumar and Apiwattanapong, Taweesup and Orso, Alessandro and Harrold, Mary Jean},
	year = {2008},
	pages = {218--227},
	file = {Snapshot:/home/mqk/Zotero/storage/TPYTE37R/citation.html:text/html}
}

@inproceedings{sparks_automated_2007,
	title = {Automated vulnerability analysis: {Leveraging} control flow for evolutionary input crafting},
	shorttitle = {Automated vulnerability analysis},
	booktitle = {Computer {Security} {Applications} {Conference}, 2007. {ACSAC} 2007. {Twenty}-{Third} {Annual}},
	publisher = {IEEE},
	author = {Sparks, Sherri and Embleton, Shawn and Cunningham, Ryan and Zou, Cliff},
	year = {2007},
	pages = {477--486},
	file = {Fulltext:/home/mqk/Zotero/storage/26EGMNL6/Sparks et al. - 2007 - Automated vulnerability analysis Leveraging contr.pdf:application/pdf;Snapshot:/home/mqk/Zotero/storage/FAG7KAZJ/4413013.html:text/html}
}

@misc{flawfinder_nodate,
	title = {Flawfinder {Home} {Page}},
	url = {https://www.dwheeler.com/flawfinder/},
	urldate = {2017-09-15},
	file = {Flawfinder Home Page:/home/mqk/Zotero/storage/9XR6BX7B/flawfinder.html:text/html}
}

@inproceedings{padmanabhuni_predicting_2014,
	title = {Predicting {Buffer} {Overflow} {Vulnerabilities} through {Mining} {Light}-{Weight} {Static} {Code} {Attributes}},
	booktitle = {Software {Reliability} {Engineering} {Workshops} ({ISSREW}), 2014 {IEEE} {International} {Symposium} on},
	publisher = {IEEE},
	author = {Padmanabhuni, Bindu Madhavi and Tan, Hee Beng Kuan},
	year = {2014},
	pages = {317--322}
}

@inproceedings{yamaguchi_modeling_2014,
	title = {Modeling and discovering vulnerabilities with code property graphs},
	booktitle = {Security and {Privacy} ({SP}), 2014 {IEEE} {Symposium} on},
	publisher = {IEEE},
	author = {Yamaguchi, Fabian and Golde, Nico and Arp, Daniel and Rieck, Konrad},
	year = {2014},
	pages = {590--604}
}

@article{stehman_selecting_1997,
	title = {Selecting and interpreting measures of thematic classification accuracy},
	volume = {62},
	number = {1},
	journal = {Remote sensing of Environment},
	author = {Stehman, Stephen V.},
	year = {1997},
	pages = {77--89},
	file = {Snapshot:/home/mqk/Zotero/storage/KQWDEZRL/S0034425797000837.html:text/html}
}

@inproceedings{zitser_testing_2004,
	title = {Testing static analysis tools using exploitable buffer overflows from open source code},
	volume = {29},
	booktitle = {{ACM} {SIGSOFT} {Software} {Engineering} {Notes}},
	publisher = {ACM},
	author = {Zitser, Misha and Lippmann, Richard and Leek, Tim},
	year = {2004},
	pages = {97--106}
}

@techreport{kratkiewicz_evaluating_2005,
	title = {Evaluating static analysis tools for detecting buffer overflows in c code},
	institution = {HARVARD UNIV CAMBRIDGE MA},
	author = {Kratkiewicz, Kendra J.},
	year = {2005},
	file = {Fulltext:/home/mqk/Zotero/storage/JMD8LDGF/Kratkiewicz - 2005 - Evaluating static analysis tools for detecting buf.pdf:application/pdf;Snapshot:/home/mqk/Zotero/storage/FMS7UFTS/ADA511392.html:text/html}
}

@misc{noauthor_cve_nodate,
	title = {{CVE}-2016-9537},
	howpublished = "\url{https://cve.mitre.org/cgi-bin/cvename.cgi?name=CVE-2016-953}",
}

@misc{gremlin,
  title = {gremlin},
  howpublished = "\url{http://github.com/tinkerpop/gremlin/}",
  }

@inproceedings{yamaguchi_automatic_2015,
	title = {Automatic inference of search patterns for taint-style vulnerabilities},
	urldate = {2017-08-29},
	booktitle = {Security and {Privacy} ({SP}), 2015 {IEEE} {Symposium} on},
	publisher = {IEEE},
	author = {Yamaguchi, Fabian and Maier, Alwin and Gascon, Hugo and Rieck, Konrad},
	year = {2015},
	pages = {797--812},
	file = {[PDF] ieee-security.org:/home/mqk/Zotero/storage/IWUS5RP8/Yamaguchi et al. - 2015 - Automatic inference of search patterns for taint-s.pdf:application/pdf;Snapshot:/home/mqk/Zotero/storage/5Y7IHIFL/7163061.html:text/html}
}

@inproceedings{weiser_program_1981,
	title = {Program slicing},
	urldate = {2017-08-28},
	booktitle = {Proceedings of the 5th international conference on {Software} engineering},
	publisher = {IEEE Press},
	author = {Weiser, Mark},
	year = {1981},
	pages = {439--449},
	file = {[PDF] buffalo.edu:/home/mqk/Zotero/storage/IWIKB4EU/Weiser - 1981 - Program slicing.pdf:application/pdf}
}

@article{ferrante_program_1987,
	title = {The program dependence graph and its use in optimization},
	volume = {9},
	number = {3},
	urldate = {2017-08-28},
	journal = {ACM Transactions on Programming Languages and Systems (TOPLAS)},
	author = {Ferrante, Jeanne and Ottenstein, Karl J. and Warren, Joe D.},
	year = {1987},
	pages = {319--349},
	file = {[PDF] gatech.edu:/home/mqk/Zotero/storage/XBSLKVK7/Ferrante et al. - 1987 - The program dependence graph and its use in optimi.pdf:application/pdf;Snapshot:/home/mqk/Zotero/storage/V6D93NEJ/citation.html:text/html}
}

@book{parr_definitive_2013,
	title = {The definitive {ANTLR} 4 reference},
	urldate = {2017-08-10},
	publisher = {Pragmatic Bookshelf},
	author = {Parr, Terence},
	year = {2013},
	file = {Snapshot:/home/mqk/Zotero/storage/WK555TW8/citation.html:text/html}
}

@inproceedings{moonen_generating_2001,
	title = {Generating robust parsers using island grammars},
	urldate = {2017-08-10},
	booktitle = {Reverse {Engineering}, 2001. {Proceedings}. {Eighth} {Working} {Conference} on},
	publisher = {IEEE},
	author = {Moonen, Leon},
	year = {2001},
	pages = {13--22},
	file = {Snapshot:/home/mqk/Zotero/storage/2FKVSJIQ/957806.html:text/html}
}


@comment{jabref-meta: selector_publisher:}

@comment{jabref-meta: selector_author:}

@comment{jabref-meta: selector_journal:}

@comment{jabref-meta: selector_keywords:}

